3334 5486
817 356 859 422 78

227 507 422 593 temporibus
456 507 650 574 correctione
684 505 859 590 indigeant.
910 509 946 574 ln
978 508 1017 575 iis
1050 510 1083 576 S.
1110 509 1231 596 Ursus,
1266 507 1440 580 Theonesti

228 611 416 696 discipulus,
450 613 616 696 Augustae
642 610 879 678 Vindelicorum
911 633 1026 697 passus
1054 635 1127 682 esse
1155 616 1311 682 scribitur.
1358 616 1440 695 Quo-

227 714 312 800 niam
347 736 423 781 vero
457 717 569 781 Petrus
604 714 644 780 de
677 714 845 781 Natalibus
858 715 885 793 ³)
920 715 1078 801 prodidit,
1122 717 1231 784 horum
1266 727 1439 805 martyrum

227 839 360 903 corpora
381 820 499 884 Buraui
522 838 621 904 prope
643 817 805 902 Venetias‚
829 819 1043 886 Torcellensis
1067 821 1275 910 Dioecesis,⁴)
1302 831 1440 908 exstare,

226 923 377 989 Velscrus
405 928 478 988 acta
501 942 627 1005 quoque
648 921 692 986 ibi
715 929 844 987 servata
866 929 897 987 et
919 922 952 988 in
974 923 1057 989 festo
1081 923 1114 990 S.
1136 926 1254 992 Albani
1276 928 1309 992 in
1332 929 1440 994 lectio-

225 1027 318 1092 nibus
350 1026 476 1090 recitari
508 1024 602 1091 solita
635 1024 757 1092 curavit
788 1026 1014 1110 exscribenda,
1049 1047 1180 1109 quorum
1212 1031 1261 1096 vel
1286 1052 1326 1097 cx
1348 1032 1438 1097 initio

224 1131 302 1196 boc:
350 1129 580 1216 „Temporibus
617 1128 798 1213 impiissimi
837 1129 969 1194 Honorii
1006 1131 1174 1198 Persarum
1209 1135 1307 1218 Regis
1345 1143 1440 1218 atque

225 1234 389 1300 Medorum
414 1232 728 1315 Wandalorumquc“
752 1239 812 1298 etc.
836 1236 1052 1318 cognoscitur,
1086 1255 1125 1302 ea
1148 1257 1226 1302 sane
1249 1257 1312 1304 non
1336 1239 1440 1304 minus

224 1336 387 1424 postulare
414 1355 590 1402 censuram.
635 1335 682 1402 Ac
704 1335 790 1419 quod
812 1336 845 1401 in
868 1337 962 1402 tertia
987 1337 1125 1403 lectione
1156 1339 1271 1406 civitas
1294 1342 1440 1424 Augusta

192 1438 194 1442 ’
227 1441 289 1506 sita
322 1439 437 1506 dicitur
469 1438 512 1504 ad
546 1439 686 1506 radicem
705 1518 707 1523 ¹
723 1441 840 1506 montis
878 1441 931 1524 qui
969 1448 1168 1526 nuncupatur
1204 1443 1309 1527 Jovis,
1353 1443 1439 1527 quod

226 1548 391 1627 Augustae
413 1542 649 1608 Vindelicorum
671 1543 864 1628 neutiquam,
889 1543 947 1611 sed
961 1547 1127 1629 Augustae
1149 1546 1332 1614 Praetoriae
1356 1567 1439 1630 quae

128 1667 131 1680 ·
227 1648 429 1712 Salassorum
458 1639 563 1732 fuit,⁵)
598 1647 759 1732 convenit,
793 1669 856 1714 non
880 1650 982 1733 potuit
1008 1657 1071 1716 nott
1099 1651 1279 1736 scrupulum
1309 1651 1439 1717 iniicere

223 1751 369 1833 Velscro,
404 1750 456 1832 qui
480 1749 565 1816 baud
587 1749 658 1816 sine
681 1771 780 1816 causa
801 1759 942 1836 veretur,
975 1773 1016 1818 ne
1037 1754 1092 1836 qui
1113 1761 1187 1820 acta
1210 1741 1384 1820 S.'Albani
1404 1754 1438 1820 in

223 1854 397 1921 Germania
418 1853 669 1939 descripserunt,
692 1854 899 1922 similitudine
922 1856 1059 1923 nominis
1082 1856 1208 1943 decepti
1232 1857 1306 1924 sint.

333 2097 350 2166 ¹)
368 2096 424 2152 Ofr.
436 2097 564 2151 Danielis
581 2095 705 2150 Ermitae
724 2095 782 2150 Iter
800 2095 1004 2153 Germanicum.
1023 2098 1093 2153 Ood.
1111 2095 1278 2155 Sessorica.
1292 2097 1437 2153 ccccull

224 2184 243 2240 f.
261 2185 321 2239 571.
339 2185 432 2238 Melet.
450 2186 531 2239 Rom.
548 2183 684 2237 Mentissa
701 2199 729 2251 p.
747 2181 789 2236 67.
1082 2215 1085 2222 ·

331 2271 350 2340 ²)
375 2271 538 2341 Mogontiae
566 2269 656 2324 sancti
683 2268 789 2323 Albani
814 2271 961 2342 martyris,
990 2271 1038 2340 qui
1066 2271 1103 2325 ob
1130 2270 1233 2324 Christi
1260 2269 1344 2326 fidem
1371 2275 1437 2340 post

222 2357 328 2427 longos
351 2358 465 2412 labores
484 2362 512 2411 ct
530 2355 783 2412 dura'certamina
805 2356 899 2410 factus
917 2357 960 2410 est
979 2357 1081 2427 dignus
1105 2371 1213 2410 corona
1230 2357 1317 2412 vitae.
1353 2359 1436 2426 (Mar-

222 2445 306 2513 tyrol.
319 2446 399 2498 Rom.
417 2444 566 2498 undecimo
579 2443 643 2498 Kal.
655 2441 724 2510 Jul.)
743 2441 799 2496 Glr.
811 2439 978 2510 Friedrich,
997 2441 1283 2512 Kirohengeschichte
1298 2442 1435 2498 Deutscb-

224 2530 306 2584 lands
324 2531 346 2600 Ι,
363 2529 423 2584 314.

329 2617 349 2686 ³)
367 2615 527 2684 Episcopus
544 2613 705 2684 Equilinus,
731 2615 810 2668 cuius
829 2613 985 2684 Catalogus
1003 2613 1171 2668 Sanctorum
1195 2616 1338 2684 (Lugduni
1356 2617 1436 2682 1519)

221 2702 355 2757 iudicium
380 2701 495 2755 lectoris
519 2701 670 2755 desiderat.
705 2699 866 2769 („Facendo
889 2699 929 2753 lui
948 2701 1007 2754 cosi
1030 2700 1119 2755 breve
1140 2701 1276 2756 memoria
1293 2702 1330 2757 de
1347 2702 1435 2773 Santi,

224 2789 328 2859 parmi,
358 2787 410 2842 ohe
436 2787 510 2841 nelle
538 2787 704 2856 allegationi
733 2786 889 2842 dovcssero
917 2787 1072 2855 precedere
1100 2787 1202 2857 quelli,
1231 2787 1283 2844 cbe
1308 2793 1434 2844 trattam

221 2891 256 2930 ex
279 2873 409 2944 professo
431 2873 460 2928 la
482 2874 526 2928 lor
552 2873 614 2928 vita
641 2873 861 2928 diffusamente.“
897 2870 1054 2929 Borcaias
1080 2873 1197 2944 Talpac.
1237 2874 1273 2928 Di
1300 2875 1434 2930 Romali

221 2963 246 3016 9.
264 2961 363 3030 Aprile
383 2960 470 3024 1588.)
1190 2976 1193 2990 ·

129 3045 133 3051 '
328 3047 348 3109 ⁴)
367 3061 440 3115 quae
459 3062 484 3100 a.
504 3047 572 3101 1818
590 3045 714 3100 dioecesi
733 3045 861 3100 Venetae
880 3049 923 3099 est
941 3045 1029 3100 unita.
1066 3045 1122 3099 Gir.
1140 3043 1250 3111 Nabar,
1272 3045 1434 3101 Kirchliche

222 3131 403 3202 (leographie
420 3133 479 3186 und
497 3131 636 3206 Stetistik.
664 3131 686 3189 1.
704 3131 756 3186 Bd.
783 3131 973 3202 Regensburg
992 3129 1068 3186 1864.
1087 3148 1114 3200 p.
1132 3131 1185 3185 259
1203 3147 1244 3202 sq.

238 3256 241 3262 -
327 3217 348 3286 ⁵)
368 3217 423 3272 Cfr.
442 3215 567 3272 Alberc'c.
580 3218 603 3283 Ι,
613 3219 666 3271 278
683 3221 742 3272 not.
754 3233 780 3272 a.
792 3219 926 3286 Augusta
944 3217 1101 3286 Praetoria,
1119 3217 1238 3286 antiqua
1255 3217 1434 3272 Salassorum

222 3320 272 3358 seu
291 3303 513 3358 Salassariorum
531 3303 709 3372 metropolis,-
735 3317 809 3358 anuo
828 3302 1053 3358 antechristum
1075 3307 1173 3358 natum
1195 3303 1433 3360 vicesimotertio

220 3391 305 3446 victis
329 3388 451 3445 Salassis
474 3389 586 3442 colonia
607 3391 799 3444 Romanorum
822 3390 912 3460 facta,
939 3390 1075 3459 pertinuit
1099 3389 1242 3458 quondam
1260 3391 1299 3446 ad
1316 3391 1432 3460 Episco-

221 3481 319 3545 patum
336 3474 558 3546 vercellensem,
576 3475 666 3530 donec
685 3475 840 3547 episcopali
859 3476 927 3532 sede
946 3475 999 3528 fuit
1017 3475 1132 3532 donata.

685 3977 687 3980 Ι
732 3863 925 3950 unuin.

323 4137 432 4205 Codex
466 4135 691 4205 Vallioellanus
721 4137 760 4205 G.
785 4143 826 4206 89
852 4138 1024 4222 insignitus
1058 4137 1192 4225 ,Officia
1222 4136 1320 4203 Varia
1350 4136 1430 4202 San-

219 4243 359 4309 otorum“
392 4242 621 4326 complectitur,
656 4262 739 4325 quae
769 4248 843 4328 post
872 4248 1034 4327 peractam
1066 4239 1323 4306 reformationem
1356 4239 1431 4305 Bre-

218 4346 311 4412 viarii
341 4347 475 4411 Romani
511 4345 644 4410 Pianam
678 4347 737 4411 sub
769 4343 958 4411 Pontificatu
992 4341 1164 4410 Clementis
1193 4343 1279 4410 Vlll.
1313 4363 1430 4409 novam

219 4449 362 4517 ciusdem
392 4449 463 4514 libri
494 4448 743 4532 recognitionem
776 4448 921 4514 meditati
943 4467 964 4513 a
986 4446 1122 4513 diversis
1148 4446 1303 4522 Ecclesiis
1335 4448 1430 4532 parti-

218 4537 376 4620 cularibus
404 4552 614 4639 (legionensi
636 4552 714 4633 etc.)
745 4552 777 4616 in
800 4552 919 4617 Urbem
942 4550 1133 4616 transmissa
1144 4550 1169 4636 ¹)
1194 4557 1225 4614 et
1247 4569 1267 4615 a
1290 4549 1428 4614 Baronio

217 4655 404 4742 pracsertim
437 4655 543 4738 quoad
575 4654 708 4722 secundi
742 4654 893 4722 Nocturni
926 4653 1080 4721 lectiones
1112 4652 1234 4734 revisa,
1277 4659 1429 4737 correcta,

217 4761 351 4846 probata
373 4767 455 4826 sunt.
500 4745 677 4845 Episcopus
705 4777 831 4842 quoque
859 4755 1130 4842 constantiensis,
1161 4757 1288 4822 Marcus
1310 4755 1429 4823 Sitieus
