3350 5484
685 441 688 448 ’
809 423 850 487 36

221 573 253 640 in
276 575 357 641 libro
380 574 421 640 de
444 572 679 658 Orthographia
702 573 826 654 integre
849 573 1027 657 descriptis.
1040 569 1068 656 ⁴)
1109 571 1143 636 S.
1166 571 1374 637 Philumenae
1396 572 1435 638 V.

223 679 269 765 (5.
297 677 381 763 Jul.)
420 696 545 773 corpus¹
570 676 695 742 Totilae
733 679 818 760 regis
853 677 1028 742 Gothorum
1067 682 1210 762 tempore
1247 676 1436 740 translatum

221 782 320 849 luisse
348 781 424 848 aS.
454 781 606 847 Severino
638 781 790 866 episcopo
822 781 854 845 in
888 781 1057 847 ecelesiam
1090 780 1123 845 S.
1156 779 1318 847 Laurentii
1351 777 1437 865 apud

222 885 498 972 Septempedanos
530 883 642 950 didicit
670 905 709 950 ex
738 887 838 951 veteri
871 885 1077 970 inscriptione
1108 905 1172 949 una
1203 904 1273 949 cum
1306 906 1437 970 corpore

221 997 348 1078 reperta
369 992 428 1056 suh
451 988 544 1053 altari
567 988 678 1054 maiori
703 1011 732 1054 a.
757 990 797 1054 D.
824 991 921 1073 1527,
957 1010 1026 1054 oum
1050 988 1128 1052 illud
1149 987 1183 1053 in
1207 988 1434 1072 elegantiorem

221 1095 353 1160 sormam
378 1093 603 1175 restitueretur,
626 1099 815 1176 procurante
837 1092 976 1158 Antonio
993 1093 1026 1158 S.
1042 1093 1079 1156 R.
1095 1092 1133 1156 Ε.
1150 1091 1244 1156 Oard.
1261 1093 1302 1158 de
1317 1093 1434 1158 Monte.

222 1200 255 1264 S.
281 1197 518 1283 symphorosae
541 1201 573 1261 et
595 1195 729 1260 liliorum
758 1197 826 1282 (18.
849 1196 931 1281 Jul.)
958 1195 1161 1279 reliquiarum
1193 1195 1435 1263 translationem

221 1304 355 1368 Romam
382 1323 402 1367 a
431 1299 593 1384 Stephano
625 1300 714 1382 Papa
744 1299 861 1364 factam
893 1300 998 1382 arguit
1028 1319 1069 1365 ex
1101 1299 1206 1364 verbis
1239 1300 1353 1381 quihus
1381 1301 1434 1366 de-

222 1407 342 1491 scripta
364 1412 432 1470 erat
453 1403 574 1493 plumbi
596 1403 716 1468 lamina
738 1403 795 1468 Pio
818 1404 872 1467 lV.
897 1403 1027 1468 Summo
1049 1403 1202 1468 Pontifiee
1223 1403 1256 1467 in
1280 1403 1436 1470 Diaconia

222 1512 256 1576 S.
279 1510 396 1592 Angeli
418 1509 451 1573 in
474 1508 557 1572 Foro
579 1507 721 1572 Piseario
744 1514 881 1592 reperta.
928 1507 986 1573 SS.
1009 1509 1163 1574 Romulae
1185 1515 1217 1574 et
1238 1507 1435 1594 Redemptae

222 1616 292 1700 (23.
320 1613 400 1699 Jul.)
439 1609 624 1677 veneranda
654 1632 787 1697 corpora
821 1613 982 1679 asservari
1013 1613 1135 1678 Romae
1166 1613 1199 1677 in
1230 1612 1369 1678 Basilica
1401 1613 1433 1682 S.

221 1719 341 1786 Mariae
373 1715 515 1798 Maioris,
551 1714 657 1780 docuit
688 1735 760 1780 eum
791 1715 955 1802 inscriptio
987 1717 1110 1783 musivo
1143 1735 1240 1801 opere
1266 1716 1299 1780 in
1323 1715 1435 1802 apside

220 1827 336 1912 posita.
405 1821 438 1886 S.
471 1818 645 1884 Eusebium
687 1819 923 1887 Vercellensem
967 1821 1150 1906 martyrium
1195 1841 1267 1886 esse
1304 1841 1433 1906 passum

222 1929 269 2015 (1.
302 1923 455 2010 August.)
492 1921 622 2004 collegit
655 1943 695 1988 ex
730 1923 892 2008 epitaphio
926 1925 958 1989 in
993 1923 1160 2010 sepulchro
1199 1923 1267 1990 eius
1304 1924 1434 1990 invento

220 2031 385 2098 acrosticis
412 2024 608 2110 versibus.)
653 2027 721 2092 Nee
744 2027 777 2093 S.
801 2028 966 2113 Hippolyti
995 2028 1063 2116 (22.
1087 2028 1238 2114 August.)
1271 2028 1433 2111 antiquum

221 2156 432 2202 marmoreum
475 2130 699 2198 simulachrum
736 2131 816 2197 solio
854 2131 1018 2216 insidens,
1065 2133 1098 2197 in
1132 2153 1194 2215 quo
1232 2132 1436 2198 circumcirca

221 2241 353 2326 Graecis
376 2237 489 2303 litteris
512 2233 655 2319 inscripti
679 2239 752 2299 sunt
775 2235 856 2320 cycli
878 2236 1052 2304 Paschales
1081 2257 1235 2302 annorum
1264 2235 1426 2302 sexdecim

220 2368 261 2412 ex
283 2344 418 2410 Romani
449 2343 562 2406 Portus
594 2329 760 2404 ruderibus
792 2338 943 2405 effossum
971 2349 1002 2406 et
1028 2342 1061 2406 in
1083 2341 1202 2407 Urbem
1235 2339 1430 2426 delatnm‚⁶)

220 2470 279 2514 neo
307 2445 505 2512 Kalendaria
542 2442 760 2510 ecclesiastica
798 2464 880 2526 quae
913 2446 1034 2512 Romae
1071 2446 1215 2512 visuntur
1248 2447 1281 2510 in
1311 2445 1433 2528 aliquot

220 2553 419 2635 antiquorum
465 2545 727 2641 monasteriorum
771 2547 946 2632 parietibus
983 2549 1162 2635 descripta,
1207 2548 1430 2634 praetermisit.

220 2658 254 2723 S.
286 2653 463 2722 candidam
501 2653 568 2738 (29.
596 2650 749 2736 August.)
780 2649 813 2716 in
847 2672 1025 2719 marmorea
1057 2655 1166 2719 tabula
1199 2673 1282 2736 quae
1316 2659 1365 2718 est
1395 2652 1431 2738 in

219 2759 356 2826 ecelesia
379 2759 411 2824 S.
436 2755 599 2839 Praxedis,
624 2755 705 2820 inter
727 2761 871 2820 caeteros
894 2755 937 2822 ihi
961 2757 1105 2824 conditos
1133 2763 1289 2842 martyres
1312 2755 1431 2841 reperit

219 2865 422 2949 descriptam.
460 2862 510 2926 De
532 2859 741 2924 translatione
763 2859 904 2943 corporis
926 2859 958 2924 S.
977 2860 1085 2944 Magni
1101 2862 1143 2932 Μ.
1168 2861 1213 2949 (4.
1238 2858 1433 2945 Septembr.)

219 2969 323 3052 deque
347 2967 414 3034 eius
437 2963 580 3048 reliquiis
604 2963 776 3030 reconditis
800 2963 832 3027 in
856 2963 995 3029 ecelesia
1011 2964 1045 3030 S.
1061 2965 1226 3030 Michaelis
1240 2962 1435 3045 Archangeli

218 3093 318 3159 prope
340 3071 527 3137 Wticanum
552 3075 694 3155 tempore
718 3068 835 3134 Leonis
864 3067 967 3150 quarti
988 3069 1125 3136 Romani
1153 3068 1315 3134 Pontificis
1338 3066 1433 3131 infor-

218 3183 322 3242 matus
345 3181 394 3240 est
409 3169 473 3259 ¹per
495 3178 633 3237 veterem
656 3171 897 3257 inscriptionem
922 3173 1071 3237 marmori
1094 3173 1238 3257 incisam,
1263 3175 1295 3237 in
1318 3169 1432 3236 eadem

219 3280 358 3345 ecelesia
395 3279 592 3344 collocatam.
648 3276 697 3340 Ex
731 3295 825 3341 mser.
866 3275 1092 3341 commentario
1129 3275 1279 3341 Andreae
1317 3272 1433 3340 Alciati

218 3385 259 3450 de
290 3383 385 3449 rebus
416 3378 709 3446 Mediolanensibus
743 3378 913 3463 descripsit
944 3385 1160 3464 pervetustum
1194 3379 1432 3463 inscriptionem

219 3487 252 3552 S.
284 3487 423 3552 Miroclis
457 3482 607 3570 Episcopi
639 3482 889 3549 Mediolanensis
922 3482 1024 3549 des
1057 3481 1258 3547 Anathalone
1288 3483 1324 3546 B.
1357 3481 1432 3546 Bar-

218 3592 321 3656 nabae
344 3588 490 3675 Apostoli
522 3585 678 3671 discipulo
698 3580 775 3672 (25.
802 3586 977 3671 Septemb.)
1001 3588 1034 3652 in
1057 3585 1164 3672 lapide
1187 3585 1320 3651 incisam
1343 3585 1432 3650 iuxta

218 3695 286 3759 eius
312 3694 496 3776 imaginem.
541 3691 578 3756 In
606 3689 740 3756 visendo
767 3690 957 3756 coemeterio
989 3691 1196 3756 subterraneo
1218 3689 1250 3756 in
1274 3687 1432 3754 suburbiis

217 3798 369 3882 Neapolis
400 3798 482 3861 inter
512 3794 577 3860 alia
607 3793 727 3859 nobilia
760 3793 958 3876 antiquitatis
991 3800 1197 3860 monumenta
1219 3792 1252 3860 S.
1277 3791 1432 3858 Gaudiosi

218 3902 287 3987 (28.
313 3898 458 3984 Octobr.)
489 3897 601 3962 tumuli
634 3903 793 3963 servatam
824 3898 1065 3984 inscriptionem
1091 3897 1215 3963 musivo
1238 3917 1334 3982 opere
1358 3917 1432 3962 exa-

217 4011 334 4083 ratam,
366 4003 441 4068 licet
463 4003 504 4067 ob
526 4008 718 4068 vetustatem
741 4003 806 4068 iam
829 4023 912 4089 pene
935 4003 1139 4092 diminutam,
1171 4000 1252 4068 vidit
1273 4021 1312 4066 ac
1333 4000 1432 4066 verba

217 4106 359 4173 eiusdem
383 4105 510 4172 schedis
534 4107 601 4172 suis
622 4105 765 4173 inseruit.
802 4107 840 4172 In
863 4107 953 4172 titulo
975 4103 1095 4188 Equitii
1118 4105 1177 4171 suh
1199 4104 1312 4170 maiori
1338 4100 1431 4169 altari

217 4235 236 4275 a
269 4211 384 4294 Sergio
425 4211 549 4276 iuniore
590 4211 734 4277 Romano
771 4210 924 4276 Pontifiee
968 4208 1165 4276 reconditum
1207 4229 1280 4275 esse
1317 4225 1431 4292 eorpus

217 4316 250 4382 S.
275 4313 421 4380 Silvestri
451 4314 559 4399 Papae
592 4315 660 4400 (31.
685 4313 870 4399 Decembr.)
902 4313 1008 4398 arguit
1030 4333 1069 4378 ex
1093 4313 1193 4379 veteri
1224 4310 1432 4396 inscriptione

216 4419 317 4484 incisa
343 4418 507 4502 marmori,
541 4419 625 4484 intra
647 4419 807 4486 cancellos
830 4418 923 4484 istius
951 4415 1108 4484 ecelesiae
1141 4423 1317 4484 asservata.
1364 4412 1430 4488 Sed.

215 4521 295 4588 haee
317 4521 485 4604 hactenus,
510 4543 550 4590 ne
572 4523 671 4588 nimia
694 4523 850 4590 cumulem
874 4519 1032 4608 exempla.
1397 4540 1399 4544 ·

256 4841 258 4846 ,
325 4762 341 4830 ¹)
366 4762 423 4817 os.
446 4760 595 4835 cocytos,
622 4761 910 4832 Litterargesohiohte
937 4762 1049 4830 (nosen
1069 4739 1146 4830 irco)
1173 4729 1430 4830 p.183.'Dcddc,'

215 4847 274 4902 lter
291 4847 456 4903 Romanum.
475 4850 497 4903 l.
516 4847 609 4916 (Wien
628 4851 706 4917 1855)
724 4865 752 4918 p.
771 4849 812 4902 14.
849 4847 936 4915 Laio,
960 4849 1052 4904 'Genni
1071 4847 1174 4904 Storici
1191 4863 1239 4916 pp.
1257 4847 1282 4900 3.
1300 4846 1325 4901 5.
1344 4845 1369 4899 9.
1388 4845 1429 4898 10.
