3350 5484
804 366 928 432 el.

326 517 347 587 ὅ)
366 518 441 574 Ε555
458 518 488 573 15
506 518 584 588 quod
608 519 757 574 discrimen
779 535 853 574 5555
874 518 1002 575 Isidorus
1019 519 1174 592 Mercator,
1200 521 1312 578 illarum
1330 521 1434 592 episto·

219 606 311 660 larum
337 605 488 675 collector,
513 621 560 659 res
578 610 692 660 nostras
715 606 847 660 adduxit:
873 610 906 660 ut
924 622 959 661 ea
977 622 1012 661 ex
1029 611 1111 675 parte
1129 609 1285 677 periclitari
1302 609 1435 664 videatur

220 693 364 764 Ecclesia,
392 693 416 747 si
440 693 514 763 quae
536 694 598 762 ipse
621 693 737 764 collegit
759 694 807 749 vel
835 693 931 762 potius
957 693 1078 764 effinxit,
1106 693 1187 749 firma
1213 699 1348 766 certaque
1372 712 1435 752 esse

221 778 380 833 dixerimus.
416 765 617 833 Testimonium
639 779 680 833 illi
703 778 839 848 perhibeo
863 782 939 850 (utar
960 779 1058 834 verbis
1081 779 1223 852 Apostoli)
1250 782 1327 851 quod
1344 783 1435 836 zelum

220 863 330 934 hahuit,
349 863 476 920 sednon
495 865 649 920 secundum
667 865 826 936 scientiam3
844 869 876 918 51
889 865 956 936 quia
974 865 1028 920 sihi
1045 865 1109 921 visa
1122 871 1166 922 est
1182 867 1270 936 paulo
1289 869 1435 924 ardentior

221 951 370 1006 altercatio
398 949 507 1005 Aurelii
534 951 662 1021 episcopi
689 951 934 1022 carthaginensis,
963 952 1116 1022 Augustini
1134 957 1164 1008 et
1181 955 1301 1009 aliorum
1324 955 1435 1011 Africa-

220 1054 321 1092 norum
346 1027 544 1107 episcoporum
567 1054 630 1092 oum
649 1037 797 1093 Boniiacio
816 1042 845 1092 et
862 1037 1022 1093 Caelestino
1047 1038 1182 1093 Romanis
1203 1039 1388 1098 Pontificibus
1405 1043 1435 1097 15

222 1140 310 1178 causa
325 1122 438 1192 Apiarii
454 1124 630 1195 preshyteri3
661 1141 696 1180 ca
714 1124 836 1194 epistola
857 1125 968 1180 nomine
986 1123 1127 1180 Bonifacii
1148 1123 1285 1198 conficta,
1312 1130 1434 1184 sarcien-

222 1211 301 1282 dum,
329 1211 407 1280 quod
431 1209 549 1264 scissum
566 1211 703 1281 putabat,
729 1202 909 1266 existimavit.
945 1211 1101 1266 Facessant
1118 1211 1203 1266 haec:
1232 1229 1289 1267 non
1307 1215 1435 1270 innititur

220 1297 269 1352 vel
292 1296 408 1351 dulcitur
429 1296 521 1365 paleis
538 1297 592 1352 Dei
609 1297 752 1367 Ecclesia,
779 1313 853 1366 quae
875 1300 919 1352 est
942 1297 1073 1353 columna
1091 1303 1120 1353 et
1137 1299 1342 1356 firmamentum
1359 1304 1434 1357 veri-

220 1384 296 1438 tatis.
332 1381 457 1450 (Borea.
475 1384 493 1438 1.
510 1383 657 1454 Martyrol.
676 1382 796 1438 Plantin.
815 1383 859 1437 ed.
878 1397 904 1437 a.
924 1384 999 1439 1589.
1017 1402 1044 1455 p.
1062 1385 1134 1453 458.)

325 1469 722 1539 1)Τ555.11Ι.5.5.156.5.
742 1471 783 1525 14.

724 1875 933 1960 XXXIX.

216 2235 218 2239 ,
325 2166 538 2253 Hieronymus
562 2164 603 2231 de
624 2165 657 2232 la
678 2166 835 2251 Higuera,
868 2165 1036 2233 Societatis
1063 2167 1143 2234 Jesu
1174 2172 1342 2258 presbyter
1371 2194 1435 2240 non
1494 2221 1497 2228 ·

221 2269 367 2337 indoctus
397 2277 432 2336 at
457 2269 553 2336 nimis
584 2269 745 2354 credulus,
781 2268 870 2335 onius
901 2289 1018 2335 nomen
1049 2290 1119 2336 com
1151 2274 1272 2342 Dextro
1303 2276 1436 2348 Paciaui

222 2371 406 2462 apocrypho
417 2373 443 2460 ¹)
480 2393 657 2466 connexum
689 2391 762 2438 esse
793 2391 887 2440 nemo
917 2371 1070 2441 historiae
1106 2376 1281 2445 litterariae
1314 2401 1434 2465 guarus

222 2478 338 2563 555511,
383 2477 612 2562 Martyrologio
648 2475 848 2559 Cregoriano
878 2497 908 2542 a.
944 2481 1027 2546 1586
1064 2499 1182 2548 excuso
1216 2481 1348 2549 mirifice
1381 2482 1435 2550 de-

221 2585 370 2669 lectatus,
407 2582 442 2648 in
472 2581 588 2647 litteris
621 2579 803 2666 0555551)
838 2579 989 2648 Calendis
1021 2583 1140 2668 Aprilis
1170 2606 1201 2651 a.
1236 2588 1319 2652 1589
1336 2585 1435 2656 *datis

221 2688 393 2754 Baronium
430 2685 624 2769 obtestatur,
671 2689 706 2750 ut
739 2685 909 2752 nonnullos
947 2685 1082 2754 Sanetos
1123 2689 1368 2775 praetermissos
1401 2690 1435 2756 in

220 2791 482 2878 Martyrologium
512 2788 623 2855 referri
654 2795 751 2856 curet.
796 2789 928 2856 Praeter
957 2789 1180 2856 Constantiam
1211 2792 1322 2876 Magni
1353 2793 1433 2860 Con-

216 2895 353 2964 stantini
374 2894 473 2961 filiam
495 2895 529 2958 in
550 2891 674 2958 Missali
696 2891 908 2958 Ambrosiano
938 2894 1251 2981 commemoratamil
1275 2897 1435 2979 Higucras
1495 2975 1498 2982 ,

221 2999 438 3085 patrocinatur
467 2995 582 3062 infanti
617 2995 783 3079 quadrimo
813 2996 931 3062 Joanni
963 3003 1174 3081 cognomento
1210 2997 1435 3084 christophoro

219 3125 241 3170 a
261 3101 394 3170 ludaeis
417 3122 447 3167 a.
473 3104 557 3168 1490
578 3101 649 3186 ipso
671 3098 725 3166 die
746 3101 942 3168 Parasceves
969 3101 1117 3170 crucifixo
1140 3123 1179 3170 ac
1201 3104 1241 3169 D.
1266 3103 1436 3172 Seculinae

219 3209 252 3274 in
283 3205 451 3288 Albig'ensi
482 3202 599 3290 oppido
635 3191 751 3289 natae,
789 3203 943 3272 Cravesci
976 3205 1107 3273 Comitis
1138 3206 1304 3274 Pietonum
1338 3207 1434 3294 filiae,

219 3309 381 3378 miraculis
411 3309 517 3375 clarae
540 3312 572 3374 et
593 3306 625 3373 d.
649 3309 701 3373 23.
723 3305 748 3372 J
750 3307 805 3373 ulii
830 3308 864 3374 in
892 3309 1031 3392 ecclesia,
1054 3309 1209 3376 Abulensi
1242 3310 1434 3378 celebratae.

218 3414 271 3482 Ad
297 3413 332 3481 S.
356 3411 527 3480 Obduliam
557 3410 748 3478 Γ1515155555
779 3411 1047 3500 (5855155515.)
1080 3413 1166 3498 quod
1197 3415 1325 3499 attinet,
1362 3434 1434 3481 eam

218 3539 315 3586 unam
347 3515 547 3600 eandemque
578 3535 651 3582 esse
681 3521 772 3601 putat
803 3536 874 3583 cum
898 3515 1063 3588 sedilia
1088 3517 1213 3601 virgine
1240 3537 1281 3582 ex
1302 3537 1434 3583 numero

219 3622 378 3690 sodalium
402 3621 436 3688 8.
458 3621 606 3689 Ursulae.
649 3620 727 3688 Eius
759 3627 866 3688 autem
898 3619 983 3704 quod
1010 3620 1051 3687 de
1079 3619 1433 3704 8111351555ιεὶ-

219 3732 297 3794 tana
318 3724 478 3812 cupiebat,
501 3730 679 3810 compotem
702 3743 738 3792 se
760 3724 826 3790 iam
848 3724 882 3790 in
904 3723 1046 3791 editione
1069 3724 1272 3792 Plantiniana
1293 3746 1324 3792 a.
1351 3728 1433 3794 1589

219 3852 250 3916 p.
274 3832 338 3898 318
369 3829 472 3914 potuit
501 3827 621 3896 videre.
674 3829 774 3897 Porro
805 3848 936 3896 oausam
967 3834 1072 3896 tuetur
1103 3829 1138 3900 S.
1168 3829 1339 3896 Liberatae
1368 3849 1434 3897 non

220 3933 348 4017 quidem
381 3931 548 4000 Comensis
574 3932 607 3999 in
629 3933 859 4019 Martyrologio
891 3931 978 3999 haud
1009 3931 1148 4000 omissae
1174 3931 1433 4018 (Quintodeoimo

218 4037 291 4104 Kal.
318 4029 519 4123 Febrem),
538 4035 597 4104 sed
624 4036 742 4104 sororis
765 4036 825 4102 88.
849 4035 1025 4121 Quiteriae,
1058 4035 1215 4101 Basilicae
1243 4043 1275 4103 51
1298 4037 1433 4104 aliarum

219 4161 299 4226 quas
321 4140 433 4226 genuit
454 4140 489 4207 C.
512 4139 642 4235 Attilius
664 4138 850 4206 Lusitaniae
877 4141 1019 4224 Regulus
1042 4146 1074 4207 et
1097 4139 1284 4227 (dummodo
1301 4142 1432 4209 tabulis

219 4245 375 4314 eeclesiae
396 4244 651 4331 Pampilonensis
673 4242 754 4310 fides
770 4243 811 4310 sit
827 4243 990 4330 habenda)
1013 4243 1270 4326 consanguineus
1293 4245 1432 4331 Impera-

218 4350 295 4418 toris
327 4349 459 4416 iuliani.
503 4347 604 4414 Huius
636 4346 669 4413 S.
701 4347 871 4414 Liberatae
903 4346 1044 4430 Virginis
1075 4351 1107 4412 51
1136 4347 1286 4433 Martyris
1318 4367 1432 4434 corpus

218 4453 394 4540 intemplo
426 4451 601 4538 episcopali
633 4450 789 4520 eeclesiae
821 4450 1018 4535 Saguntinas
1044 4449 1077 4515 in
1099 4451 1237 4536 superbo
1268 4453 1432 4522 Mausoleo

218 4555 379 4624 eonditum
402 4554 563 4622 asservari
585 4560 617 4651 et
638 4553 796 4637 frequenti
818 4553 959 4621 fidelium
983 4553 1206 4622 observatione
1228 4555 1290 4620 coli
1312 4564 1430 4625 narrat.

218 4660 365 4743 Denique
388 4657 491 4725 saneti
512 4657 660 4724 Latronis
692 4657 762 4744 (qui
783 4657 817 4739 in
840 4677 932 4725 cruce
956 4655 1113 4723 Christum
1141 4657 1306 4726 confessus
1328 4660 1370 4726 ah
1392 4681 1431 4727 eo

217 4763 333 4832 meruit
362 4763 492 4832 audire:
528 4761 633 4832 Hodie
663 4779 786 4830 meeum
818 4760 945 4830 crisin
975 4757 1140 4846 paradiso)
1173 4763 1432 4832 commemoratio
