3350 5484
803 324 844 390 77

216 478 385 548 Ruspensis3
414 482 500 548 atque
524 477 591 532 ideo
615 476 735 531 alterum
758 491 822 530 cum
846 475 938 530 altero
965 475 1077 530 minime
1104 490 1168 530 esse
1195 473 1433 546 confundendum,

217 563 300 619 sicuti
317 563 390 618 bene
409 563 582 619 adnotarunt
595 562 625 618 C.
637 561 779 617 Batonius
797 563 826 616 et
843 561 936 616 Lucas
954 561 1119 616 Holstenius
1136 562 1165 615 in
1178 563 1253 616 notis
1271 563 1309 616 ad
1327 563 1433 618 dietum

216 650 467 721 Martyrologium,
493 649 531 704 ad
556 649 629 702 diem
653 649 677 702 1.
700 647 838 702 Januarii.
875 647 918 701 Ex
942 663 999 717 quo
1022 647 1067 718 fir,
1093 654 1126 702 ut
1148 663 1237 718 opera
1264 649 1435 719 conscripta,

217 753 291 806 quae
318 735 346 790 S.
373 735 525 805 Fulgentio
552 733 715 804 Astigitano
746 733 948 788 adscribuntur
976 738 1112 804 tanquam
1140 734 1266 804 auctori,
1294 751 1351 789 non
1379 735 1434 789 sint

215 823 320 894 ipsius,
347 823 398 877 sed
421 821 564 891 Fulgentii
585 819 720 890 Episcopi
743 819 908 890 Ruspensis.
943 819 1099 876 Universos
1126 819 1212 876 hasce
1239 821 1434 890 oppositiones

218 909 360 978 desumpsi
379 923 413 962 ex
431 905 550 962 Nicolao
569 905 694 960 Antonio
712 905 741 959 in
759 905 893 962 Biblioth.
911 910 970 961 vet.
988 907 1068 976 Hisp.
1086 911 1106 961 t.
1120 908 1144 962 1.
1163 907 1211 962 lib.
1229 907 1255 962 5.
1273 923 1297 961 c.
1316 909 1340 962 1.
1359 923 1433 977 quae

217 1011 314 1065 porro,
331 998 364 1048 ut
381 993 410 1047 in
428 1008 506 1047 more
524 991 648 1062 positum
666 995 717 1061 est,
741 990 855 1046 fuerunt
873 1008 936 1046 oum
954 993 1184 1048 Postulatoribus
1202 993 1434 1050 communicatae.

218 1080 360 1136 Oorrectis
388 1083 482 1134 autem
509 1093 598 1148 opera
622 1081 651 1130 et
675 1076 769 1131 studio
792 1077 950 1134 cardinalis
974 1079 1118 1135 Relatoris
1144 1079 1328 1150 lectionibus,
1358 1095 1434 1150 quae

218 1165 255 1222 ab
276 1167 347 1236 ipsis
368 1162 598 1221 Postulatoribus
625 1162 768 1218 exhibitae
794 1163 920 1237 fuerant,
948 1181 969 1220 s.
988 1164 1180 1236 congregatio
1203 1165 1230 1220 (l.
1253 1167 1295 1222 23.
1314 1166 1433 1222 Januar.

219 1253 287 1309 1723
314 1253 414 1308 annuit
441 1249 616 1306 concessioni
643 1249 795 1304 lectionum
820 1252 1016 1323 propriarum,
1045 1256 1075 1306 et
1097 1251 1253 1307 extensioni
1280 1253 1318 1307 ad
1342 1257 1433 1308 totam

218 1339 385 1410 Hispaniam
414 1337 466 1393 sub
492 1336 548 1392 ritu
576 1335 694 1406 duplici,
727 1341 755 1391 et
781 1336 865 1392 titulo
894 1336 1071 1394 Confessoris
1098 1337 1256 1409 Pontificis,
1285 1353 1344 1394 una
1370 1354 1434 1394 eum

222 1424 382 1496 Evangelio
403 1423 478 1490 ,Vos
496 1422 564 1477 estis
583 1422 625 1476 sal
643 1425 763 1492 terrae“,
781 1428 809 1478 et
827 1440 890 1478 oum
903 1423 1013 1480 Octava
1030 1425 1059 1479 in
1077 1426 1265 1496 dioecesibus,
1282 1426 1312 1480 in
1330 1425 1434 1495 quihus

219 1511 368 1568 colebatur
384 1514 520 1580 tanquam
538 1507 702 1579 principalis
720 1509 875 1580 Patronus,
897 1509 952 1565 hoc
970 1515 1014 1565 est
1031 1511 1060 1564 in
1079 1510 1306 1582 Carthaginiensi
1324 1515 1353 1566 et
1370 1510 1435 1565 Pla·

220 1598 348 1655 centina:
383 1597 498 1653 Nullum
525 1610 596 1650 vero
622 1595 652 1648 in
678 1593 733 1650 hoc
760 1596 911 1666 Rescripto
937 1596 1058 1652 verbum
1084 1597 1191 1652 factum
1216 1602 1260 1653 est
1287 1599 1323 1652 de
1350 1596 1433 1652 titulo

218 1683 366 1742 Doctoris:
396 1683 532 1754 quocirca
549 1682 632 1737 novis
651 1681 908 1752 supplicationibus
931 1682 1063 1740 exhibitis
1085 1699 1185 1739 sacrae
1203 1683 1434 1755 congregationi,

219 1789 254 1828 eo
278 1770 446 1842 praesertim
473 1768 671 1839 fundamento,
702 1769 779 1838 quod
797 1769 834 1825 ab
853 1768 970 1840 antiquo
993 1773 1122 1840 tempore
1149 1770 1261 1825 titulum
1287 1771 1435 1828 habuisset

219 1857 353 1914 Doctoris
374 1857 404 1910 in
426 1855 568 1911 nonnullis
594 1855 793 1925 Hispaniarum
822 1857 1013 1928 dioecesibus,
1043 1857 1089 1912 die
1108 1858 1149 1912 17.
1167 1857 1275 1928 Aprilis
1301 1860 1369 1914 1723
1391 1874 1435 1914 re·

220 1959 355 2016 sponsum
375 1942 442 2013 fuit,
467 1946 501 1996 ut
521 1942 551 1995 in
573 1939 673 1997 Officio
697 1941 725 1997 S.
748 1941 890 2014 Fulgentii
916 1944 1002 2000 solita
1027 1944 1231 2000 observaretur
1258 1946 1435 2002 consuetudo

220 2031 317 2103 quoad
333 2031 418 2085 ritum
436 2028 580 2084 Doctoris.

737 2397 911 2486 xnvn.

324 2673 450 2738 Marcus
481 2668 633 2736 Velsems
663 2669 885 2756 Augustanus,
919 2671 1040 2739 Romae
1073 2673 1115 2739 ab
1145 2672 1283 2741 Antonio
1311 2676 1435 2744 Mureto

221 2775 397 2860 institutus,
431 2774 465 2840 in
487 2772 592 2859 patria
621 2779 697 2860 post
725 2773 929 2859 impetratum
960 2774 1059 2842 latum
1087 2776 1213 2843 clavum
1236 2777 1309 2844 aliis
1336 2780 1433 2845 etiam

221 2879 399 2948 cumulatus
430 2876 623 2962 insignibus,
659 2876 717 2944 scd
745 2878 845 2944 animi
876 2877 1004 2945 dotibus
1036 2879 1151 2946 clarior
1178 2887 1211 2946 et
1237 2889 1367 2967 propter
1389 2883 1435 2948 in-

211 2984 308 3070 'genii
330 2984 381 3050 sui
402 2981 505 3049 foetus
528 2979 707 3066 historicos,
730 2981 955 3067 patrologicos,
984 2981 1204 3068 hagiologicos
1227 2985 1260 3050 in
1282 2984 1436 3052 litteraria
1536 3035 1540 3042 .

220 3088 384 3175 republica
404 3085 635 3171 nobilitatus,¹)
670 3084 723 3168 qui
748 3104 818 3151 oum
841 3084 979 3153 Baronio
1002 3087 1105 3153 amico
1128 3093 1271 3154 mutuum
1296 3087 1436 3155 habebat

220 3192 394 3258 litterarum
427 3210 533 3274 usum,
568 3187 601 3254 in
628 3188 766 3274 epistola
795 3189 962 3273 Augustae
993 3187 1230 3258 Vindelicorum
1261 3193 1331 3258 Vll.
1360 3191 1434 3262 Kal.

178 3294 185 3300 ’
222 3294 306 3361 Maii
329 3311 359 3360 a.
386 3297 469 3361 1592
492 3292 569 3358 data
590 3292 678 3358 litem
701 3293 832 3378 respicit
854 3292 895 3360 de
918 3293 952 3361 S.
974 3293 1126 3380 Albanil)
1152 3297 1254 3380 gestis
1282 3294 1434 3362 definicn·
1496 3289 1513 3306 ’

220 3397 304 3466 dam.
348 3397 500 3481 Magnam
527 3395 569 3461 de
594 3400 737 3480 tempore
769 3397 912 3482 martyrii
941 3397 974 3463 S.
999 3397 1119 3480 ¹Albani
1150 3399 1234 3464 inter
1263 3399 1434 3485 scriptores

220 3491 406 3566 varietatem
437 3498 570 3585 reperiri
595 3497 735 3565 ostendit
755 3500 912 3566 Baronius
935 3501 967 3565 in
991 3499 1128 3567 Scholiis
1151 3501 1247 3568 add.
1271 3505 1323 3568 21.
1346 3503 1432 3588 Jun,

220 3603 377 3687 siquidem
401 3602 490 3668 Beda
511 3601 630 3686 aliique
652 3621 725 3668 eum
748 3603 849 3669 secuti
871 3603 1031 3670 Albanum
1057 3603 1198 3671 referunt
1225 3606 1285 3670 sub
1308 3605 1433 3672 Diocle·

220 3707 307 3774 tiano
338 3726 485 3792 passum,
520 3705 632 3771 Petrus
664 3705 705 3774 de
732 3707 900 3774 Natalibus
932 3713 1039 3773 autem
1070 3707 1287 3775 Theonestum
1317 3708 1434 3774 Albani

222 3809 256 3875 in
278 3810 431 3894 martyrio
457 3808 578 3876 socium
601 3814 708 3876 aetate
735 3811 870 3876 Damasi
896 3809 1035 3878 affirmat
1056 3813 1098 3878 ab
1120 3811 1247 3878 Arianis
1274 3817 1432 3898 necatum,

221 3913 409 3998 Sigebertus
439 3934 516 3981 vero
544 3911 661 3979 Albani
687 3919 720 3980 et
746 3913 903 3980 sociorum
936 3917 1122 4000 martyrium
1145 3936 1176 3982 a.
1198 3917 1239 3981 D.
1262 3919 1326 3983 425
1358 3936 1431 3982 con-

219 4016 332 4101 tigisse
354 4017 479 4084 asserit.
523 4019 695 4084 Praeterea
717 4015 803 4102 apud
823 4036 859 4083 se
880 4037 953 4084 esse
975 4017 1077 4086 innuit
1098 4019 1254 4085 Baronius
1276 4019 1309 4085 in
1331 4019 1433 4087 veteri

220 4120 331 4187 codice
353 4121 568 4208 manuscripto
591 4121 695 4188 Vitam
719 4121 753 4186 S.
776 4119 907 4207 Albani,
939 4121 1027 4188 cuius
1050 4127 1101 4189 est
1122 4121 1301 4188 exordium:
1334 4124 1432 4210 „Erat

220 4225 296 4292 olim
322 4224 355 4290 in
378 4225 521 4310 partibus
544 4224 731 4309 Aquilonis“
756 4230 832 4309 etc.;
870 4223 929 4293 sed
956 4245 1039 4309 quac
1070 4225 1216 4293 videatur
1245 4227 1432 4314 apocrypha

220 4330 403 4413 nullamque
433 4328 496 4395 sibi
527 4327 732 4396 verisimilem
763 4327 878 4396 saltem
909 4327 1049 4396 vindicet
1078 4327 1309 4399 auctoritatem.
1352 4330 1431 4398 Jam

220 4433 385 4517 Velserus,
420 4430 654 4515 investigandis
687 4433 947 4523 Augustanorum
983 4433 1171 4501 Sanctorum
1204 4433 1345 4502 historiis
1374 4433 1429 4500 de·

221 4537 316 4623 ditus,
338 4535 476 4603 Baronio
499 4536 623 4602 nuntiat
647 4555 683 4602 se
707 4536 869 4604 invenisse
894 4538 977 4606 Acta
1005 4536 1222 4622 manuscripta
1244 4537 1278 4604 S.
1302 4537 1430 4623 Albani,

222 4642 256 4709 S.
289 4639 465 4708 Theonesti
497 4645 529 4705 et
563 4637 727 4706 Sociorum
763 4638 826 4708 hoc
860 4641 1035 4728 principio:
1080 4641 1273 4728 „Postquam
1308 4639 1431 4708 aeterni

222 4746 326 4812 Patris
348 4742 552 4829 unigenitus“
577 4749 653 4812 etc:
686 4764 769 4830 quae
791 4743 825 4811 in
846 4746 1007 4833 plerisque
1030 4741 1238 4813 conciliandis
1259 4742 1430 4831 praecipue
