3350 5484
842 1446 873 1530 I.

363 1690 523 1817 Biennio
542 1751 609 1817 fera
625 1757 697 1836 post
717 1752 895 1818 absolutam
913 1749 1096 1815 Calendarii
1117 1748 1373 1814 reformationem
1394 1748 1471 1813 Gre-

257 1853 366 1935 gorius
400 1855 490 1940 Papa
511 1855 601 1921 XIII.
637 1855 814 1919 Romanum
847 1853 1109 1938 Martyrologium
1148 1853 1346 1920 librariorum
1381 1858 1494 1938 typo-1

257 1955 513 2040 graphorumque
536 1958 734 2041 negligentia
757 1956 945 2024 mendosum
967 1977 1026 2042 per
1040 1955 1126 2023 viros
1148 1955 1289 2022 eruditos
1312 1955 1354 2022 ad
1376 1955 1472 2021 fidem

255 2059 416 2142 historiae,
440 2079 522 2140 quae
544 2079 648 2124 rerum
673 2066 846 2144 gestarum,
869 2079 1087 2145 personarum,
1110 2059 1261 2144 locorum,
1293 2065 1470 2146 temporum

255 2162 389 2228 veritate
416 2163 606 2247 conticetur,
633 2162 784 2228 adhibitis
812 2162 907 2227 etiam
934 2162 1096 2230 codicibus
1123 2163 1348 2230 vetustioribus
1376 2167 1472 2244 atque

256 2265 538 2347 emendatioribus,
571 2272 745 2332 correctum
777 2273 809 2334 et
841 2266 948 2332 multis
975 2266 1008 2330 in
1035 2265 1114 2331 locis
1140 2273 1282 2351 auctum,
1310 2265 1475 2352 proposita

256 2369 348 2434 simul
372 2375 469 2452 atque
488 2369 652 2454 explicata
670 2371 861 2456 Epactarum
882 2371 1056 2452 Lunaeque
1076 2359 1211 2453 singulis
1231 2369 1344 2435 dicbus
1364 2388 1472 2435 nume·

255 2472 376 2539 randae
404 2475 540 2557 ratione,
569 2479 603 2537 ut
629 2473 776 2538 ederetur
802 2472 968 2539 Ecclesiae
995 2476 1142 2539 marein
1170 2472 1273 2539 Ohcro
1301 2471 1472 2555 legendum

256 2577 378 2652 curavit
397 2577 580 2660 editumque
601 2575 728 2641 Litteris
749 2575 941 2660 ApostoIIcis
960 2577 1082 2642 Romae
1102 2575 1134 2642 d.
1155 2577 1241 2665 xlv.
1266 2597 1307 2642 m.
1327 2574 1473 2642 Ianuarii

256 2701 285 2744 a.
311 2683 395 2747 1584
419 2679 503 2744 datis
526 2679 748 2764 promulgavit.
790 2679 892 2744 Huius
915 2685 1021 2744 autem
1041 2679 1261 2766 Martyr'clogii
1284 2677 1474 2760 Gregoriani
1549 2697 1551 2701 ’

255 2785 396 2864 origInes
428 2789 460 2848 et
486 2782 650 2848 historiam
678 2781 898 2846 examinatura
926 2779 1045 2864 duplex
1073 2782 1150 2848 mihi
1175 2783 1321 2869 inprimis
1348 2781 1474 2847 videtur

257 2905 330 2952 esse
358 2885 569 2970 dIsceptanda
596 2885 756 2968 quaestio,
785 2885 920 2951 sciIIcet:
947 2885 1076 2967 quinam
1099 2887 1158 2952 viti
1181 2885 1309 2970 cruditi,
1338 2905 1418 2969 quos
1440 2884 1473 2950 in

258 2992 324 3054 suls
356 2989 489 3055 editioni
516 2989 679 3054 Romanae
706 3010 736 3053 a.
767 2991 850 3056 1584
876 2987 1027 3074 praefixis
1056 2989 1169 3058 litteris
1195 2989 1299 3057 innuit
1325 2990 1474 3056 Summus

257 3092 417 3176 Pontifex,
456 3091 650 3175 provinciam
684 3092 883 3176 susceperint
919 3093 1107 3159 restibuendi
1138 3092 1400 3179 Martyrologium
1431 3090 1475 3160 ad

260 3215 374 3260 novam
398 3194 579 3260 Calendarii
606 3197 761 3262 radonem
782 3181 823 3261 'ct
850 3196 1087 3264 ecclesiasticae
1114 3195 1266 3263 hIstoriae
1291 3196 1473 3282 veritatem,

258 3298 410 3384 deinceps
443 3319 520 3365 vero
556 3299 671 3381 quibus
704 3299 874 3383 praesidiis
907 3289 1008 3364 innixi
1040 3320 1079 3376 ac
1114 3300 1235 3367 suffulti
1272 3298 1474 3366 Ocrrectores

149 3460 151 3466 .
258 3403 357 3468 iidem
381 3408 489 3487 partes
512 3421 588 3468 suas
611 3403 866 3488 adlmpleverint.

843 3807 893 3889 II.

362 4078 413 4143 Ad
445 4081 532 4165 prius
565 4081 693 4164 quidem
727 4085 920 4144 momentum
951 4079 1036 4162 quod
1063 4079 1193 4161 attinet,
1228 4078 1255 4143 si
1284 4079 1472 4162 Prosperum

259 4181 507 4248 Lambertinium
536 4185 743 4266 consulimus,
771 4182 799 4247 is
826 4181 858 4246 in
881 4202 978 4266 opere
1000 4203 1058 4248 suo
1082 4181 1216 4248 classico
1239 4181 1280 4247 de
1303 4182 1473 4247 Servorum

260 4287 320 4351 Dei
358 4285 597 4353 Beatilicati0ue
634 4294 667 4353 et
702 4288 872 4351 Beatorum
912 4285 1161 4352 Canoniaatione
1197 4285 1234 4349 L.
1274 4284 1327 4350 IV.
1362 4287 1396 4350 P.
1431 4285 1472 4350 Il.

260 4391 293 4456 (t
312 4391 414 4473 XVII,
435 4396 454 4459 5
471 4397 604 4458 testatur
619 4390 838 4476 Martyrclogii
854 4390 1034 4473 castigandi
1051 4410 1157 4456 curam
1173 4410 1194 4454 a
1209 4388 1366 4471 Gregorio
1382 4389 1472 4455 XIII.

259 4493 485 4560 demandatam
512 4494 611 4560 fuisse
639 4493 739 4559 Silvio
762 4494 943 4560 Antoniano
966 4494 1127 4559 (lanonico
1151 4493 1183 4558 S.
1209 4492 1307 4576 Petri,
1335 4493 1474 4559 Ruberto

258 4598 452 4665 Bellarmino
473 4598 663 4681 Presbytero
684 4597 854 4662 Societatis
874 4598 963 4675 Iesu,
983 4597 1114 4663 Caesari
1131 4597 1266 4662 Barouio
1282 4597 1473 4679 Presbytero

260 4701 411 4786 Oratorii,
444 4701 606 4768 Ludovico
639 4700 679 4764 dc
711 4701 827 4765 Terras
859 4699 1107 4786 archiepiscopo
1134 4701 1251 4766 Montis
1278 4699 1409 4786 Regalis
1440 4699 1473 4764 in

260 4804 383 4890 SIcilia,
415 4805 533 4871 loanni
563 4803 730 4889 Baptistae
761 4803 907 4869 Bandino
939 4803 1101 4871 CanonIco
1133 4804 1165 4870 S.
1196 4804 1295 4889 Petri,
1325 4802 1474 4870 Michaeli
