3350 5484
792 363 833 428 68

204 518 247 570 001
265 524 300 570 ao
318 515 457 571 sententia
478 515 615 570 Matthaei
641 510 751 571 Galeai
777 512 894 568 editoris
916 511 1184 582 Areopagitioorum
1202 512 1312 582 (00100.
1332 516 1420 584 1563).

203 602 409 672 Argumentum
428 606 523 657 autern
542 617 577 656 ex
594 601 725 672 Dionysii
742 599 928 654 Alexandrini
947 598 1062 654 scholiis
1081 599 1118 654 ab
1136 599 1292 655 Anastasio
1310 599 1420 656 Sinaita

205 685 325 758 (Ὁδηγός
348 689 391 744 ed.
417 685 546 744 Greiser.
565 705 592 757 p.
610 686 675 742 340:
709 683 807 751 ὅγοῦν
830 689 912 750 μέγας
929 685 1083 747 Διονύσιος,
1113 683 1342 756 1Α1οξανδρο1000
1363 688 1419 740 ini-

203 786 310 839 rnonor,
328 772 344 828 ὁ
362 771 422 840 01ποῖ
438 774 566 846 ῥητόρων,
585 775 611 825 iv
627 778 686 831 τοῖς
704 773 823 837 apoliote
841 772 1041 842 0111001110111
1060 777 1088 827 et
1100 788 1118 826 a
1129 773 1251 828 Maximo
1269 774 1419 842 repetitum

203 861 270 916 nihil
282 861 407 932 probare
418 861 588 916 FrancIscus
600 857 710 930 He'pler
722 859 888 930 (Dionysius
902 859 952 914 der
961 858 1146 929 Areopagitc.
1165 859 1420 931 Untersnohungen

203 949 274 1004 ilber
285 948 438 1003 Aechtheit
454 947 513 1002 und
525 943 795 1020 Glaubwdrdigkeit
806 947 858 1001 der
869 950 953 1001 uuter
970 945 1076 1001 diesem
1088 945 1197 1000 Nomen
1214 945 1418 1002 vorhandenen

203 1034 353 1090 Schriften.
382 1033 572 1105 Regenshurg
591 1034 666 1088 1861.
684 1050 712 1102 p.
732 1033 793 1098 120)
815 1033 954 1088 ostendit:
987 1033 1077 1099 ,Dasz
1096 1031 1189 1087 dieser
1207 1030 1350 1088 Scholiast
1368 1034 1418 1088 des

203 1123 398 1193 Areopagiten
422 1122 473 1176 der
495 1136 543 1174 um
559 1120 612 1174 265
633 1120 820 1175 verstorbene
846 1118 1015 1174 Erzbischoi
1038 1135 1098 1173 von
1120 1117 1312 1173 Alexandrien
1340 1119 1418 1173 nicht

204 1211 263 1265 sein
280 1209 368 1280 kann,
385 1209 440 1263 wie
458 1206 532 1263 noeh
545 1207 648 1277 jiingst
665 1206 772 1262 wieder
789 1203 914 1278 Darboy
936 1205 1073 1273 (Oeuvres
1092 1205 1128 1260 de
1147 1204 1174 1260 S.
1193 1204 1291 1275 Denys
1309 1205 1417 1260 11110-

202 1297 301 1366 pagite
327 1293 466 1350 traduites
490 1294 529 1348 du
551 1292 625 1348 Grec
649 1309 722 1348 avec
744 1309 800 1350 une
823 1293 1023 1347 introduction.
1051 1292 1133 1346 Paris
1156 1291 1235 1358 1845)
1261 1291 1418 1362 hehauptet

202 1381 266 1452 hat,
292 1380 361 1450 geht
379 1379 467 1435 schon
485 1379 591 1434 danaus
615 1379 733 1450 hervet,
761 1380 829 1435 dasz
853 1380 946 1434 dieser
968 1379 1084 1436 letztere
1106 1379 1224 1435 niemals
1242 1380 1353 1435 Rhetor
1370 1395 1419 1450 ge·

202 1471 314 1522 wesen“
335 1471 388 1522 010.
419 1465 476 1520 (111.
489 1465 574 1520 etiam
593 1464 735 1538 Dittrieh,
753 1466 909 1537 Dionysius
927 1467 978 1521 der
997 1465 1085 1520 (11.1.
1098 1465 1298 1522 AlexandrIen.
1325 1466 1418 1522 Freih.

202 1556 220 1610 i.
239 1555 286 1609 Br.
306 1555 381 1610 1861.
400 1570 427 1624 p.
445 1553 463 1607 2
481 1569 508 1608 11.
525 1555 550 1608 3.

735 1903 891 1988 XLIII.

307 2175 455 2243 Prolixae
477 2175 649 2242 admodum
672 2181 746 2244 sunt
767 2174 850 2242 duae
873 2175 1042 2262 epistolae,
1065 2196 1145 2260 quas
1160 2175 1303 2244 Joannes
1326 2176 1419 2244 Seria

203 2301 244 2346 ex
279 2279 472 2345 Granatensi
510 2278 655 2362 collegio
694 2278 787 2345 annis
827 2282 910 2348 1591
946 2284 978 2346 01
1013 2279 1137 2364 15921)
1169 2278 1212 2346 ad
1246 2279 1418 2347 Baronium

202 2382 329 2450 direxit.
373 2382 478 2468 Prior,
512 2381 555 2448 ad
577 2402 673 2466 quam
695 2383 859 2469 rescrIpsit
881 2382 1083 2468 Baronius,⁹)
1118 2381 1299 2466 quindecim
1322 2404 1417 2468 quae·

202 2487 323 2554 stiones
367 2485 608 2570 chronologicas
646 2492 678 2552 et
713 2485 882 2554 historicas
925 2486 1144 2572 complectitur
1179 2484 1418 2572 dissolvendam

202 2589 359 2677 posterior
393 2588 526 2674 triginta
561 2588 699 2674 quinque
731 2589 860 2658 exhibet
891 2590 1107 2657 Coniectanea
1138 2596 1193 2656 aut
1223 2589 1419 2658 Adversaris

201 2694 265 2760 iam
298 2692 423 2780 pridem
449 2714 470 2761 a
497 2691 592 2760 Soria
621 2693 654 2758 in
687 2714 764 2760 suae
797 2694 970 2760 memoriae
1004 2692 1179 2760 subsidIum
1211 2693 1258 2760 sie
1289 2695 1417 2780 scripta,

201 2805 236 2864 ut
275 2817 357 2882 quae
394 2796 494 2880 digna
530 2793 714 2863 viderentur
754 2797 1003 2883 interrogatione
1045 2797 1220 2881 colligeret.
1278 2798 1419 2865 Plurima

202 2900 331 2986 quidem
346 2901 453 2986 dubia,
477 2899 595 2986 quippe
611 2919 692 2983 quae
710 2899 752 2966 ad
767 2903 909 2968 Annales
932 2907 1086 2987 spectent,
1109 2899 1243 2967 facimus
1266 2899 1417 2988 missa;³)

201 3025 306 3090 neque
331 3011 439 3072 tamen
465 3024 570 3090 pauca
597 3009 726 3070 exstant
753 3011 915 3093 momenta
940 3005 1202 3090 Martyrologica,
1237 3003 1278 3071 de
1305 3005 1418 3090 quibus

202 3107 295 3176 Seria
316 3109 487 3174 Baronium
511 3107 661 3189 consulit,
693 3107 828 3174 anobis
850 3108 1107 3194 perstringenda.
1152 3107 1316 3175 Eiusmodi
1339 3109 1417 3175 trias

203 3213 235 3278 in
258 3212 356 3298 priori
379 3211 516 3298 epistola
538 3230 574 3277 se
597 3211 689 3276 offert
710 3211 803 3278 haec:

306 3317 341 3400 a)
362 3314 507 3398 Ambigit
529 3314 635 3399 Seria,
668 3336 710 3380 an
732 3314 827 3382 iidem
856 3322 1014 3382 mereatur
1041 3337 1081 3384 ea
1102 3316 1247 3400 historia,
1279 3335 1362 3400 quae
1384 3315 1417 3382 in

202 3419 236 3485 S.
267 3417 385 3502 Ignatii
421 3416 570 3502 Martyris
609 3418 704 3484 corde
742 3417 960 3490 dulcissimum
996 3421 1076 3486 Jesu
1111 3440 1227 3486 nomen
1263 3418 1416 3484 inscribit.

200 3523 296 3610 Apud
318 3522 459 3589 Graecos
482 3520 667 3608 Eusebium,
700 3522 888 3608 Evagrium,
919 3522 1172 3610 Metaphrasteu,
1204 3521 1416 3609 Nicephorum

200 3626 287 3694 haud
317 3627 446 3711 ignorat
476 3624 517 3692 de
549 3625 605 3691 illa
626 3626 724 3692 altum
757 3626 933 3713 silentium,
967 3630 1044 3712 quin
1071 3633 1104 3694 et
1124 3627 1308 3694 Latinorum
1337 3626 1417 3692 anti-

202 3732 329 3814 quiores
356 3750 398 3796 ne
424 3730 555 3797 verbum
587 3730 716 3813 quidem
738 3729 779 3796 de
802 3751 853 3814 ea,
890 3752 972 3815 quae
1000 3731 1193 3798 recentiores
1225 3734 1346 3796 tanturn
1369 3729 1418 3796 in·

201 3833 289 3900 venit
317 3839 469 3919 patronos
495 3833 689 3900 Antoninum
720 3833 874 3918 aliosque.
921 3836 1015 3902 Solus
1038 3834 1109 3901 Ado
1132 3833 1186 3918 qui
1207 3833 1240 3899 in
1262 3833 1415 3919 Martyro-

203 3937 290 4021 logio
327 3937 486 4020 ignatium
521 3957 542 4002 a
574 3938 720 4005 leonibus
758 3940 1005 4024 strangulatum,
1051 3960 1116 4006 non
1131 3965 1135 3974 ·
1153 3937 1345 4023 discerptum
1382 3938 1415 4003 in

201 4048 310 4127 partes
343 4040 434 4126 dicit,
469 4041 669 4108 coniecturae
699 4041 802 4108 locum
836 4042 1016 4128 relinquere
1048 4041 1188 4127 ridetur,
1223 4049 1258 4108 ut
1287 4039 1415 4128 probari

200 4144 303 4231 possit
324 4146 358 4212 in
379 4164 492 4211 recens
519 4144 616 4212 occisi
646 4165 779 4232 corpore
804 4144 890 4213 istud
916 4144 1168 4232 experimentum
1190 4143 1271 4210 forte
1293 4166 1315 4213 a
1336 4141 1416 4208 mili·

200 4249 285 4314 tibus
322 4247 534 4334 desumptum.
592 4248 630 4314 ld
664 4249 757 4316 Seria
793 4249 869 4317 inde
906 4249 1093 4317 confirmare
1132 4253 1283 4334 conatur,
1329 4246 1415 4331 quod

202 4351 235 4418 S.
262 4351 406 4422 Ioannes
438 4351 698 4440 Chrysostomus,
736 4353 930 4421 Graecorum
962 4353 1177 4436 Menologinm
1209 4357 1240 4420 01
1261 4351 1415 4437 Martyro-

201 4454 321 4538 logium
342 4455 520 4522 Romanum
548 4455 1091 4546 (801101οο1110Κο1..1011001.)1)
1119 4455 1219 4544 ipsius
1243 4456 1316 4521 Divi
1340 4455 1416 4521 (101·

200 4577 274 4643 pus,
309 4578 372 4624 non
399 4559 550 4644 reliquias
578 4566 610 4627 et
632 4560 754 4627 maiora
785 4559 927 4646 corporis
959 4579 1050 4646 ossa,
1082 4561 1185 4626 Roma
1214 4557 1414 4624 Antiochiam

201 4662 301 4729 luisse
336 4660 475 4729 delatum
511 4670 715 4749 asseverent„
762 4663 918 4731 Baronius
953 4669 1059 4732 autem
1098 4661 1184 4748 quod
1216 4663 1309 4750 pauci
1342 4667 1432 4748 post.

202 4765 288 4832 mille
319 4772 477 4834 trecentos
508 4788 610 4834 annos
641 4771 764 4854 absque
796 4768 904 4853 aliqua
934 4768 1105 4852 antiquiori
1136 4766 1200 4834 lide
1222 4767 1263 4834 10
1285 4768 1414 4836 nominc
