3350 5484
831 322 871 384 75

244 488 328 541 quam
358 473 464 543 scripta
490 475 634 530 Marianae
663 475 739 528 citat.
785 473 840 528 Gir.
868 472 966 527 Reinh.
994 471 1191 540 Bccmstarlc,
1225 473 1279 528 Die
1307 473 1454 542 spanische

246 557 546 613 National-Literatur
564 564 616 614 cto.
653 561 728 632 Kiilu
747 561 822 614 1877.
841 577 868 628 p.
886 561 920 613 96
939 575 979 627 sq.

349 645 367 715 ⁷)
389 647 553 700 Membrana
579 651 646 716 post
672 663 775 701 annum
799 647 866 700 1226
895 651 1013 700 exarata
1039 650 1068 700 et
1093 647 1121 699 in
1151 647 1282 714 sepulcro
1306 646 1333 700 S.
1357 645 1456 700 Severi

242 732 368 800 episcopi
397 733 616 787 Barcinonensis
643 747 668 787 a.
692 733 760 786 1405
786 733 918 801 inventa,
947 731 1020 786 inter
1047 733 1104 786 alia
1130 733 1159 786 id
1186 731 1346 787 referebat:
1382 731 1456 796 ,Iste

240 818 364 874 Severus
382 819 621 874 BarchInonensis
640 820 791 889 episcopus
810 823 838 874 et
855 823 963 888 martyr
982 819 1174 872 sanctissimus
1192 817 1256 888 fuit,
1279 823 1365 886 atque
1384 831 1455 871 mar-

239 906 314 975 tyrio
338 911 491 960 coronatus
514 911 558 961 est
580 910 686 960 octavo
714 906 783 960 Idus
798 903 979 960 Novembris
1007 921 1082 960 anno
1110 899 1224 959 Domini
1250 903 1453 958 sexcentesimo

240 992 403 1062 [trigesimo]
424 996 543 1062 octavo,
570 993 650 1046 cuins
670 1008 777 1060 corpus
791 992 944 1060 requiescit
963 995 1068 1046 octavo
1092 991 1223 1045 milliario
1242 991 1279 1045 ab
1296 989 1367 1044 urbe
1385 991 1455 1044 Bar-

240 1077 403 1132 chinonensi
426 1079 454 1132 in
476 1078 555 1148 loco,
583 1079 631 1147 qui
656 1079 758 1132 dicitur
785 1077 947 1146 Octaviani,
972 1077 1001 1130 in
1024 1077 1196 1130 monasterio
1226 1076 1253 1131 S.
1272 1075 1454 1145 Oueuphatis.

239 1163 298 1218 Iste
321 1163 374 1218 fuit
396 1181 469 1218 unus
492 1181 527 1219 ex
549 1165 605 1218 illis
627 1165 809 1234 septuaginta
832 1165 990 1233 episcopis,
1019 1165 1066 1232 qui
1085 1163 1176 1233 legem
1196 1162 1344 1216 Gothicam
1367 1162 1454 1231 [leges

240 1248 384 1320 Gothicas]
415 1251 442 1304 in
460 1250 598 1319 Hispania
628 1251 839 1306 condiderunt.“
886 1251 1036 1305 Contendit
1064 1248 1218 1305 Florezics
1252 1249 1329 1316 (tom.
1356 1249 1454 1302 XXIX

240 1336 320 1405 Hisp.
348 1352 420 1391 sacr.
445 1354 473 1406 p.
497 1337 542 1403 57)
568 1336 759 1391 membranam
787 1337 910 1406 sequiori
938 1353 1012 1391 aevo
1040 1337 1076 1391 ab
1104 1335 1200 1405 aliquo
1228 1335 1375 1404 scriptam,
1405 1335 1453 1402 qui

240 1421 353 1476 Gothici
371 1423 480 1493 imperii
502 1426 606 1478 statum
624 1423 783 1494 Ignoraret3
813 1439 904 1492 neque
923 1409 1120 1478 alium'i'uissc
1137 1421 1301 1491 episcopum
1320 1421 1454 1476 Barcino-

239 1524 352 1563 nensem
371 1514 404 1563 et.
415 1513 568 1580 martyrem
587 1509 698 1564 nomine
717 1508 866 1580 Severum,
893 1510 946 1564 nisi
965 1526 1028 1564 eum
1047 1509 1108 1578 qui,
1132 1509 1311 1563 DiocletIano
1334 1507 1454 1576 impera-

238 1599 313 1664 tore,
340 1596 467 1666 martyrii
487 1605 621 1651 coronam
647 1596 769 1662 adeptus
792 1595 853 1650 fuit.
890 1595 947 1651 Sed
966 1600 1042 1650 certe
1061 1599 1163 1650 auctor
1181 1595 1364 1664 narrationis,
1391 1610 1453 1648 cum

239 1683 421 1752 septuaginta
448 1683 600 1752 episcopos
628 1687 841 1752 commemoret,
876 1683 993 1736 innuere
1019 1683 1134 1736 videtur
1162 1681 1310 1736 concilium
1341 1680 1454 1735 Toleta-

188 1792 190 1795 ·
238 1782 304 1822 num
322 1764 375 1839 IV,
403 1769 448 1823 cui
466 1769 594 1823 Isidorus
611 1769 749 1839 praefuit,
778 1773 806 1824 et
824 1769 973 1838 sexaginta
992 1769 1048 1822 duo
1068 1769 1196 1838 episcopi
1213 1772 1328 1838 praeter
1346 1769 1453 1836 septem

232 1853 438 1924 episcoporum
474 1855 599 1910 vicarios
635 1841 832 1911 subscribimt:
870 1845 947 1924 quod
978 1854 1073 1924 arguit
1101 1855 1130 1908 in
1160 1871 1195 1910 ea
1224 1859 1292 1909 tunc
1322 1854 1454 1923 opinione

240 1941 383 2010 Hispanos
406 1941 495 1998 fluisse
519 1946 651 1997 versatos
670 1943 747 2012 quod
764 1943 793 1998 in
811 1959 845 2000 eo
865 1941 985 2000 coneilio
1004 1941 1051 1998 lex
1069 1941 1191 1998 Gothica
1212 1939 1298 1996 fixerit
1319 1941 1453 1998 stabilita.

239 2017 379 2085 (Arcoalc'
396 2029 555 2084 isidoriana
572 2046 600 2098 p.
619 2029 687 2099 761.)

769 2397 922 2484 XLVI.

343 2649 446 2718 Simili
476 2652 605 2719 tandem
632 2675 671 2720 ac
697 2654 871 2737 Higueram
903 2645 998 2722 modo
1030 2655 1163 2722 offendit
1194 2655 1333 2742 Soriam,
1367 2657 1453 2740 quod

238 2757 364 2841 plurimi
398 2763 562 2843 spectatae
593 2760 771 2825 sanctitatis
798 2780 862 2847 non
894 2759 959 2824 sint
989 2760 1138 2826 recensiti
1160 2759 1193 2826 in
1216 2761 1308 2826 fastis
1340 2762 1451 2828 sacris.

240 2862 410 2927 Praetereo
443 2861 543 2945 ipsius
560 2879 561 2882 ’
576 2862 631 2948 pia
663 2862 704 2928 de
735 2861 958 2947 locupletando
992 2862 1220 2948 Martyrologio
1254 2863 1454 2948 Gregoriano

241 2963 416 3048 desideria,
450 2964 629 3048 dequibus
655 2967 742 3032 valet
771 2967 924 3049 generale
954 2966 1105 3032 iudicium
1128 2988 1148 3033 a
1170 2967 1344 3033 Benedicto
1366 2967 1452 3034 XIV.

239 3067 337 3134 latum
362 3075 393 3134 et
415 3089 435 3134 a
457 3089 508 3150 me
531 3089 628 3154 supra
650 3071 735 3155 (XL)
758 3070 903 3136 relatum.
947 3071 1020 3136 Una
1043 3069 1208 3136 dumtaxat
1239 3071 1453 3155 expostulatio
1485 3058 1488 3098 ³

182 3251 193 3258 Ἴ,
240 3171 365 3238 videtur
398 3193 471 3240 esse
505 3173 697 3258 excipienda
730 3181 761 3238 et
794 3173 998 3240 delineanda.
1056 3173 1206 3242 Calendis
1241 3174 1387 3241 Ianuarii
1419 3176 1453 3242 in

228 3275 467 3360 ›Martyrologic
489 3277 664 3344 fit'mentic
691 3278 777 3344 beati
804 3263 965 3361 Fulgentii
998 3277 1155 3346 ecclesiae
1182 3279 1359 3364 Ruspensis
1387 3281 1452 3366 epi-

240 3381 338 3469 scopi,
363 3379 416 3463 qui
438 3387 581 3466 tempore
603 3381 801 3448 Vandalicae
828 3383 1059 3467 persecutionis
1081 3384 1122 3448 ob
1145 3383 1333 3450 catholicam
1355 3382 1451 3449 iidem

240 3482 453 3566 eximiamque
484 3484 731 3552 doctrinamab
754 3485 881 3550 Arianis
908 3487 1008 3552 multa
1038 3507 1210 3571 perpessus
1234 3494 1266 3552 et
1288 3491 1321 3551 in
1344 3487 1452 3553 Sardi-

239 3585 326 3652 niam
347 3587 519 3673 relegatus,
542 3588 672 3655 tandem
695 3587 737 3654 ad
759 3589 921 3674 propriam
944 3590 1113 3656 ecclesiam
1136 3589 1242 3656 redire
1263 3590 1451 3676 permissus,

239 3691 306 3756 vita
328 3697 360 3758 et
382 3691 480 3773 verbo
508 3692 627 3778 clarus,
661 3699 772 3760 sancto
799 3693 863 3759 fine
886 3693 1015 3776 quievit.
1060 3693 1096 3758 In
1119 3693 1280 3761 adnotatis
1304 3693 1452 3761 adhunc

240 3795 344 3862 locum
375 3795 533 3862 Batonius
567 3802 631 3862 tres
663 3797 815 3864 discernit
848 3785 1048 3892 Fulgentius,
1087 3798 1209 3864 scilicet
1240 3799 1458 3884 Ruspensem,¹

238 3898 440 3982 Fulgentium
464 3921 557 3985 porro
580 3900 764 3986 episcopum
787 3901 1028 3985 Utriculanum,
1044 3903 1098 3985 qui
1121 3902 1256 3968 celebris
1279 3903 1450 3969 sanctitate

238 4001 318 4068 vixit
339 4005 534 4089 temporibus
557 4003 667 4093 Vigilii
689 4004 797 4088 Papae
821 4011 853 4070 et
873 4005 998 4071 Totilae
1022 4005 1108 4090 regis
1132 4005 1355 4091 Gothorum,¹)
1378 4007 1451 4072 Ful-

239 4106 380 4189 gentium
418 4105 556 4190 denique
588 4107 621 4172 in
652 4109 810 4193 Hispania
846 4109 1046 4194 episcopum,
1085 4129 1179 4192 quem
1216 4109 1369 4176 claruisse
1406 4109 1451 4176 ait

146 4253 148 4257 -
238 4215 344 4276 aetate
366 4209 488 4292 Ervigii
512 4210 597 4294 regis
621 4211 805 4279 Gothorum.
843 4213 901 4278 Sin
924 4219 1029 4280 autem
1057 4213 1167 4280 tertius
1190 4213 1241 4280 hic
1263 4213 1450 4298 Fulgentius

237 4333 319 4378 unus
355 4313 505 4396 idemque
541 4321 591 4380 est
625 4335 694 4381 cnm
727 4315 896 4399 Fulgentio
933 4317 1084 4402 episcopo
1120 4317 1314 4404 Astigitano,
1345 4318 1450 4384 *fratre

238 4415 272 4480 S.
295 4415 410 4482 Isidori
439 4437 459 4482 a
482 4417 620 4484 Baronio
652 4419 685 4483 in
711 4420 782 4485 Not.
812 4419 854 4486 ad
882 4418 913 4485 d.
936 4422 967 4485 4.
989 4420 1091 4504 ripril.
1123 4429 1313 4504 memorato,
1344 4421 1450 4507 ipsum

237 4521 368 4604 Ervigic
399 4521 567 4604 aequalem
593 4521 693 4587 fuisse
715 4521 809 4588 Seria
831 4523 874 4610 (s.
898 4544 929 4588 n.
953 4523 1062 4606 XXII)
1086 4525 1153 4591 iure
1177 4531 1286 4592 censet
1307 4525 1361 4590 vix
1384 4545 1450 4592 cre·
1491 4556 1494 4560 >

238 4623 345 4710 dibile,
368 4623 431 4690 imo
455 4646 542 4692 error
563 4625 699 4712 patescit
720 4625 971 4710 chronologicus.
1016 4627 1098 4692 Nam
1121 4627 1309 4712 Fulgentius
1331 4628 1449 4712 Astigi·

202 4735 331 4794 -tanus
363 4730 518 4814 reperitur
550 4729 778 4816 subscripsisse
811 4727 952 4796 Concilio
988 4729 1171 4816 Hispalensi
1206 4731 1361 4818 secundo,
1399 4733 1449 4804 cui
