3350 5484
732 333 834 399 '54

206 488 332 555 Laudat
353 490 394 554 D.
417 487 645 572 Augustinum,
678 486 733 569 661
761 486 997 552 consultissime
1023 486 1238 572 admonuerit,
1271 487 1421 573 physicas

206 593 412 677 quaestiones
442 611 555 678 parum
587 597 643 658 aut
672 589 751 656 nihil
783 589 825 654 ad
857 610 962 655 mores
994 590 1189 677 pertinentes
1216 592 1249 656 in
1277 589 1422 658 Ecclesia

205 717 269 762 non
301 717 373 764 esse
406 693 619 779 definiendas,
653 715 694 760 ne
724 693 897 776 gentilibus
928 693 1126 781 philosophis
1158 695 1213 779 661
1243 695 1418 762 6661161166

205 799 371 885 opiniones
402 821 460 887 pro
492 798 718 866 demonstratis
750 796 884 880 hahent,
916 797 1075 865 difficilior
1101 800 1134 865 in
1161 800 1340 867 Ecclesiam
1371 799 1418 864 in·

205 903 316 970 troitus
339 904 409 989 fiat,
441 904 469 970 61
490 909 613 989 661661,
647 922 683 968 66
705 921 776 968 cum
798 901 934 986 primurn
957 903 1117 988 baptisma
1137 903 1329 990 receperint,
1362 921 1418 968 eas

205 1028 284 1090 quas
315 1007 378 1093 ipsi
408 1027 502 1074 veras
538 1006 672 1073 credunt
708 1005 875 1090 opiniones
915 1005 1077 1090 abnegare
1114 1007 1242 1076 debere.
1296 1006 1418 1072 Eadem

203 1131 333 1196 prorsus
370 1111 493 1176 ratione
530 1109 571 1176 de
608 1109 778 1193 Abyssinis
792 1107 819 1192 ⁷)
856 1108 1051 1193 christianis,
1094 1111 1149 1194 661
1183 1111 1216 1177 in
1253 1109 1418 1178 latissimis

205 1215 334 1281 Africae
355 1213 499 1299 partibus
522 1213 724 1279 interioribus
747 1212 905 1295 habitant,
938 1214 1238 1296 quum'imhiherint
1259 1215 1326 1280 fere
1348 1232 1419 1278 cum

204 1319 287 1384 lacte
313 1339 384 1383 earn
412 1316 693 1402 existimationem,
727 1317 813 1402 apud
835 1337 871 1382 sc
893 1319 933 1384 D.
958 1317 1102 1385 Thomae
1130 1318 1273 1404 Apostoli
1305 1335 1419 1400 corpus

205 1421 366 1488 conditum
393 1420 512 1504 esse,⁸)
542 1420 811 1505 praesumendum
834 1427 898 1505 cst,
930 1421 1015 1504 quod
1043 1423 1222 1506 aegerrime
1249 1441 1285 1488 se
1306 1421 1419 1502 1616111,

205 1526 233 1592 61
266 1527 443 1592 Romanum
481 1525 744 1610 Martyrologium
780 1523 967 1609 admittant,
1015 1525 1163 1592 continuo
1187 1545 1419 1608 concessuros,

204 1626 283 1695 illud
315 1627 399 1712 quod
431 1634 586 1720 perpetua
617 1635 782 1714 parentum
815 1628 986 1696 traditione
1012 1635 1046 1696 ut
1073 1631 1107 1694 S.
1135 1628 1278 1696 Thomae
1305 1647 1419 1713 corpus

204 1732 394 1815 habuerunt,
434 1731 512 1804 nihil
543 1731 647 1799 minus
682 1741 755 1799 'esse
787 1753 882 1815 quam
913 1732 999 1816 quod
1031 1753 1157 1817 semper
1189 1732 1419 1799 existimarunt.

204 1836 298 1903 Unde
328 1835 418 1902 iuxta
448 1835 639 1902 sententiam
671 1836 844 1902 Justiuiani
875 1836 1001 1902 melius.
1019 1836 1102 1902 16161
1132 1837 1164 1902 16
1180 1835 1419 1922 ¹lllartyrologio

204 1939 323 2006 nullum
348 1940 477 2005 omnino
493 1937 534 2005 de
549 1959 588 2006 66
603 1960 638 2006 16
654 1940 785 2007 verbum
808 1939 924 2024 166616,
947 1939 1006 2007 sed
1021 1961 1111 2008 suum
1135 1943 1249 2024 cuique
1271 1938 1420 2005 iudicium

205 2044 386 2127 relinquere
407 2043 552 2112 liberum.

232 2353 239 2368 ·
312 2320 334 2390 ¹)
355 2318 428 2378 Ood.
453 2319 558 2377 Vallia
577 2322 609 2388 Q.
626 2322 661 2376 47
678 2339 706 2392 p.
724 2323 759 2378 43
777 2339 819 2393 sq.
838 2318 946 2392 (Alter.
964 2323 987 2393 I,
1005 2323 1055 2378 191
1074 2327 1127 2392 sq.)

313 2409 334 2477 ²)
352 2408 409 2463 Cfr.
428 2404 612 2480 Spondesne
630 2424 655 2464 a.
675 2426 700 2464 a.
720 2411 797 2466 1463.
815 2427 842 2464 6.
861 2411 885 2464 7.

313 2495 334 2564 ³)
352 2493 398 2549 Fr.
417 2495 453 2550 X.
471 2493 583 2561 Kreas,
595 2489 695 2551 'Roma
713 2495 897 2552 Sotterranea
915 2514 942 2566 p.
960 2497 1020 2553 340.

313 2583 333 2652 ⁴)
352 2580 395 2636 Dc
420 2581 606 2637 veneratione
637 2583 733 2655 utique
762 2583 895 2653 habenda
925 2600 995 2654 erga
1020 2599 1067 2639 res
1095 2599 1169 2653 qnae
1195 2584 1225 2638 in
1251 2582 1421 2638 lectionibus

210 2669 351 2726 Breviarii
373 2669 495 2725 Romani
515 2667 690 2740 referuntur,
718 2674 748 2724 at
765 2686 823 2725 una
841 2673 936 2726 tamen
959 2686 1021 2725 cum
1034 2657 1225 2740 'permissione
1242 2669 1365 2742 benigne
1381 2669 1422 2724 in·
1447 2665 1453 2682 '

207 2757 287 2813 dulta
313 2756 439 2812 Eruditis
466 2755 649 2812 difficultates
677 2757 818 2812 excitandi
845 2773 903 2812 uon
928 2757 1009 2812 leves
1036 2757 1179 2827 66661116
1204 2757 1330 2827 quaein
1353 2755 1422 2826 ipsis

206 2835 371 2915 narrantur,
400 2844 549 2914 disputans
575 2840 799 2900 Lambertirrius
826 2843 880 2912 (De
905 2842 986 2898 Serv.
1009 2844 1063 2899 Dei
1084 2843 1182 2898 beatis.
1210 2845 1241 2899 L.
1260 2844 1309 2900 IV.
1336 2845 1367 2898 P.
1385 2843 1422 2897 ΙΙ.

207 2929 238 2986 O.
257 2931 299 3000 18,
317 2931 358 2999 8);
390 2931 495 3002 ,Ε161,“
514 2928 619 3000 inquit,
642 2928 686 2994 ,in
703 2927 872 2984 lectionibus
891 2945 965 2998 quae
983 2931 1139 2986 recitantur
1158 2930 1204 2986 die
1221 2930 1295 2986 16616
1314 2929 1342 2986 S.
1362 2929 1423 2984 Ole-

209 3016 311 3071 mentis
340 3017 438 3086 Papae
465 3021 494 3071 et
520 3015 653 3085 Martyris
686 3013 839 3086 habeatur,
874 3016 936 3071 6166
966 3032 1072 3086 661666
1100 3017 1219 3071 Romam
1244 3016 1422 3086 translatum,

207 3103 328 3158 Nicolao
347 3104 369 3158 I.
387 3103 539 3173 Pontifice,
565 3103 594 3156 in
613 3101 735 3157 66616616
756 3102 845 3171 166166
860 3102 894 3157 S.
921 3102 1072 3158 Clementis
1095 3103 1239 3157 conditum
1257 3102 1360 3172 fuisse,
1387 3102 1423 3156 de

207 3188 261 3243 hac
286 3194 382 3256 tamen
403 3205 435 3244 16
459 3185 600 3258 disputari
626 3187 740 3256 impune
764 3189 947 3260 permittitur,
977 3190 1060 3244 sicuti
1083 3188 1141 3259 legi
1164 3192 1261 3258 potest
1281 3189 1311 3242 in
1332 3187 1424 3256 Opere

208 3274 331 3344 Philippi
349 3271 522 3330 Rocdinc'oi
540 3275 575 3328 de
589 3273 616 3329 S.
630 3273 773 3329 Clemente
791 3279 820 3330 61
838 3275 898 3330 6166
916 3273 1044 3346 basilica,
1061 3277 1170 3330 Romae
1189 3275 1265 3330 edito
1284 3291 1310 3330 a.
1330 3275 1422 3328 1706.1

312 3359 333 3431 ⁵)
352 3360 409 3417 Cfr.
427 3357 673 3434 Herpeocoether,
703 3361 821 3418 Photius
843 3362 921 3418 Patr.
944 3379 974 3418 v.
992 3362 1234 3431 Constantinopel.
1271 3359 1423 3432 (Regensb.

210 3448 289 3513 1867)
307 3448 412 3520 1,536;
439 3447 476 3519 ΙΙ,
494 3447 537 3503 35.

312 3533 336 3602 ⁶)
355 3534 411 3590 Ofr.
423 3533 627 3605 Eorschungen
645 3534 704 3589 und
716 3533 833 3599 Quellen
852 3551 902 3589 zur
913 3533 1201 3606 Kirchengeschichte
1220 3535 1271 3590 der
1289 3533 1423 3590 Schweiz.

208 3619 273 3675 Von
291 3620 338 3676 Al.
357 3616 468 3690 hiltolf.
490 3637 518 3690 p.
537 3621 571 3676 95
589 3637 631 3692 sq.

315 3706 336 3775 ')
354 3707 372 3761 i.
387 3723 410 3762 6.
429 3705 521 3777 Ι11616;
540 3707 588 3776 661
607 3706 720 3776 quidem
738 3721 807 3761 usus
825 3705 1004 3778 Aethiopiae,
1021 3706 1203 3779 Abyssiniae,
1221 3707 1319 3762 Indiae
1337 3705 1424 3760 nomi-

208 3808 275 3846 num
297 3793 475 3862 promiseuus
497 3797 542 3847 sat
564 3793 658 3847 multis
682 3792 826 3847 erroribus
852 3808 950 3848 ansam
973 3794 1066 3864 dedit,
1093 3797 1233 3863 quatenus
1250 3809 1297 3848 166
1315 3797 1344 3846 61
1361 3808 1424 3861 661-

210 3895 298 3935 sonae
315 3895 465 3950 perperam
484 3883 535 3933 aut
553 3878 800 3934 confundebantur
818 3883 868 3933 661
886 3879 1141 3950 distinguebantur.
1171 3879 1227 3934 Ofr.
1247 3880 1277 3935 0.
1295 3876 1423 3948 Pesohel,

210 3965 378 4020 Gesohichte
396 3966 447 4020 der
465 3964 623 4020 Erdkunde
641 3965 790 4033 (Miinchen
809 3966 887 4036 1865)
903 3983 931 4036 p.
950 3968 1009 4022 168.
1027 3967 1087 4021 216.
1105 3966 1164 4020 311.

315 4050 336 4120 ⁸)
358 4052 547 4121 Hieronymus
576 4048 700 4107 0661166
727 4051 879 4121 661666666
906 4051 1043 4108 Silvensis
1070 4052 1235 4107 Lusitaniae
1261 4053 1310 4107 lib.
1335 4055 1352 4108 3
1378 4067 1425 4107 res

210 4137 323 4192 Indicas
340 4140 519 4206 prosecutus,
536 4139 661 4191 16616161
673 4137 760 4191 Indos
778 4153 869 4206 nuper
886 4136 1056 4206 recipientes
1068 4137 1256 4208 Evangelium
1274 4139 1426 4208 affirmare,

209 4239 297 4294 penes
320 4239 351 4278 66
374 4239 436 4278 6666
461 4239 565 4292 661666
584 4222 612 4278 S.
630 4223 756 4278 Thomae
778 4223 911 4292 Apostoli
930 4237 947 4276 a
966 4239 1022 4292 666
1047 4225 1114 4279 olim
1139 4231 1312 4294 acceperunt
1331 4227 1426 4280 Evan-

210 4311 323 4382 gelium‚
341 4309 468 4379 illudque
485 4325 576 4379 usque
593 4309 678 4365 hodie
696 4311 791 4365 multis
809 4310 920 4380 fulgere
937 4310 1088 4365 miraculis.
1125 4309 1182 4366 Sed
1201 4327 1263 4366 cnm
1282 4312 1317 4367 de
1335 4316 1426 4367 trans-

210 4395 318 4451 latione
336 4396 474 4468 Edessam
493 4395 570 4450 faeta
587 4396 651 4451 luce
670 4397 775 4451 clarius
794 4400 917 4466 constet,
948 4397 1042 4452 dicere
1061 4398 1097 4453 de
1114 4396 1169 4452 hoc
1187 4397 1337 4468 cogimur,
1349 4398 1427 4468 quod

210 4481 373 4551 frequenter
392 4483 428 4536 de
446 4482 509 4536 aliis
527 4482 680 4552 reperitur,
699 4497 799 4551 nempe
818 4483 901 4538 unius
920 4484 1048 4552 corporis
1066 4487 1163 4554 partes
1181 4484 1210 4538 in
1228 4484 1344 4538 diversa
1361 4484 1427 4538 loca

211 4567 386 4638 distributas,
404 4568 582 4624 occasionem
600 4561 713 4624 dedisse
731 4570 825 4624 multis
845 4569 988 4640 opinandi,
1006 4570 1053 4626 vel
1071 4569 1120 4625 1116
1137 4569 1184 4624 vel
1203 4570 1270 4625 alihi
1289 4569 1427 4624 contineri

211 4669 296 4708 unum
319 4655 455 4723 idemque¹
472 4671 585 4726 corpus.
621 4656 665 4710 De
682 4655 870 4710 translatione
892 4655 920 4711 S.
939 4655 1064 4712 Thomas
1087 4656 1269 4725 reliquiarum
1292 4655 1427 4710 Ortonam

211 4740 302 4812 16616,
318 4741 409 4796 'cuius
426 4739 475 4796 1116
493 4742 606 4798 mentio¹
622 4740 756 4812 habetur,
784 4745 878 4796 exstat
895 4757 953 4797 nna
971 4758 1034 4797 cum
1057 4742 1120 4798 vita
1142 4742 1268 4798 eiusdem
1284 4743 1428 4814 Apostoli,
