3350 5484
814 362 853 430 17

225 523 322 592 aliquo
341 521 569 592 superadditum,
596 519 674 588 quod
697 518 819 574 habetur
843 518 921 587 apud
938 516 1071 572 Philastr.
1090 517 1125 572 de
1143 514 1282 572 haeresib.
1301 531 1363 584 cap.
1383 511 1443 572 112.

223 626 241 663 a
260 609 371 663 Christo
398 609 519 662 Domino
538 622 628 674 usque
647 607 684 660 ad
705 606 776 660 illud
798 611 908 674 tempus
932 621 994 658 cum
1014 620 1049 658 ea
1067 605 1217 674 scriberet,
1243 602 1441 658 intercurrisse

216 711 314 750 anuos
334 695 560 764 quadringentos
578 693 708 762 triginta:
728 709 790 746 curu
809 692 916 761 liquido
935 695 1075 760 appareat
1093 689 1121 745 S.
1140 690 1330 762 Ambrosium,
1348 688 1398 758 qui
1416 687 1441 742 ei

225 781 390 850 supervixit,
408 781 493 850 longe
512 785 577 835 ante
596 795 630 834 ea
648 784 778 849 tempora
796 796 830 834 ex
847 779 976 834 humanis
995 777 1125 846 desiisse,
1144 776 1278 831 Caesario
1298 779 1327 829 et
1344 775 1441 828 Attico

225 867 322 922 Conss.
336 884 411 922 anno
425 867 537 921 Domini
556 865 752 920 nocentesimo
770 865 954 936 nonagesimo
967 863 1096 933 septime.
1127 862 1184 929 Sed
1197 863 1325 918 Latinius
1337 865 1442 930 noster,

226 953 320 1022 quiin
339 953 447 1006 mendis
468 953 578 1022 illapsis
602 950 808 1022 cognoscendis
831 950 949 1020 lynceos
971 949 1059 1004 habet
1082 949 1195 1020 oculos,
1223 949 1263 1004 sic
1281 949 1342 1002 iure
1360 951 1443 1016 putat

225 1040 319 1094 locum
332 1056 393 1095 esse
406 1041 618 1110 restituendum,
635 1039 780 1094 levissima
797 1037 875 1092 facta
892 1037 1057 1106 mutatione,
1074 1036 1203 1089 nimirum
1215 1039 1248 1090 ut
1259 1039 1329 1090 nota
1341 1033 1442 1088 minori

225 1125 408 1181 CCCCXXX.
427 1127 467 1180 sic
480 1127 516 1180 sit
529 1125 699 1196 corrigenda
717 1123 901 1179 CCCLXXX.
921 1121 1045 1192 (Boron.
1058 1121 1076 1178 i.
1089 1122 1123 1178 N.
1137 1137 1162 1176 a.
1174 1123 1211 1176 M.
1224 1123 1250 1177 d.
1265 1123 1306 1176 18.
1326 1120 1394 1189 Jul.)
1407 1150 1441 1159 -

144 1203 146 1208 ’
226 1212 339 1266 Laudat
356 1211 430 1266 huuc
449 1211 487 1280 (S.
505 1213 674 1267 Damianum
692 1211 870 1280 Papieusem)
887 1209 1004 1264 mirifice
1022 1211 1129 1266 Paulus
1147 1211 1293 1265 Diaconus
1306 1210 1341 1264 de
1354 1209 1442 1279 gestis

203 1297 409 1367 longobard.
432 1298 549 1353 libros.
572 1315 635 1368 cap.
654 1299 702 1370 15,
723 1302 810 1367 atque
837 1296 920 1350 huius
947 1296 1015 1352 dicit
1040 1313 1103 1352 esse
1130 1297 1281 1366 epistolam
1307 1297 1442 1366 scriptam

179 1428 181 1433 .
225 1385 336 1440 nomine
359 1386 499 1440 Mansueti
522 1386 650 1456 episcopi
672 1384 891 1440 Mediolanensis
915 1384 989 1439 libro
1007 1388 1031 1440 6.
1056 1400 1119 1453 cap.
1136 1385 1162 1438 3.
1184 1383 1255 1438 Sed
1277 1383 1364 1438 miror
1382 1382 1444 1451 qui-

226 1473 301 1526 dem:
331 1486 395 1525 nam
413 1487 470 1525 uon
488 1471 659 1540 Damianos,
686 1471 736 1526 sed
753 1471 873 1540 Magnus
892 1471 1043 1540 episeopus
1061 1471 1217 1526 Ticiuensis
1239 1469 1368 1525 interfuit
1385 1485 1443 1524 una

227 1573 289 1611 cum
317 1558 466 1611 Mansuete
492 1557 534 1610 illi
561 1555 853 1631 Romanae'Synodo
882 1558 934 1611 sub
961 1557 1114 1627 Agathone
1140 1558 1269 1611 Romano
1297 1555 1443 1624 Pontifice,

225 1648 258 1697 ut
281 1647 402 1712 apparet
425 1660 459 1697 ex
482 1643 690 1713 subscriptione
718 1642 879 1712 Synodicae
906 1649 974 1698 tunc
998 1643 1135 1714 scriptae,
1164 1657 1238 1712 quae
1260 1641 1397 1696 recitatur
1413 1643 1442 1696 iu

226 1730 339 1784 actione
364 1734 467 1798 quarta
491 1733 588 1784 sextae
607 1729 724 1799 Synodi.
761 1728 898 1798 Opinatus
917 1733 960 1784 est
978 1745 1013 1784 ea
1031 1730 1067 1784 de
1085 1745 1174 1784 cansa
1191 1729 1319 1784 Latinius
1337 1733 1443 1800 noster,

227 1816 346 1870 eundem
372 1803 542 1871 Damianum
569 1819 759 1886 cognomento
786 1817 919 1886 Magnum
946 1831 1008 1872 esse
1036 1816 1150 1872 dietum.
1186 1814 1270 1885 (Bar.
1289 1816 1308 1871 l.
1327 1831 1350 1871 c.
1370 1831 1396 1872 a.
1415 1815 1442 1870 d.
1476 1845 1479 1851 ·

226 1903 267 1956 12.
285 1902 388 1972 April.)
430 1921 433 1926 ·

336 1988 356 2057 ⁹)
378 1985 484 2044 Curtio
498 1989 617 2045 debetur
630 1989 789 2045 emendatio
804 1994 953 2045 contextus
964 1983 1163 2060 Martyrologii
1175 2006 1203 2044 v.
1217 2005 1259 2058 gr.
1273 2005 1299 2044 a.
1313 1989 1339 2045 d.
1349 1989 1373 2043 9.
1384 1989 1442 2044 Jul.

227 2075 288 2142 (,In
306 2075 423 2130 civitate
446 2075 543 2130 Thora
566 2076 644 2144 apud
665 2077 758 2130 lacum
776 2075 922 2131 Velinumu
943 2092 996 2146 pro
1014 2079 1152 2132 mendosa
1171 2077 1327 2146 scriptura:
1357 2077 1442 2146 ,Tyri

227 2161 264 2215 ad
288 2162 382 2216 lacum
404 2161 579 2230 Vulsinum“)
606 2162 672 2216 ideo
700 2163 872 2233 probabilis,
904 2163 972 2233 qnia
998 2163 1148 2224 Thorauae
1175 2162 1314 2218 ecclesiae
1341 2169 1443 2218 vetera

226 2251 407 2302 monumenta
424 2247 560 2316 firmaque
577 2247 693 2302 naditio
712 2249 812 2318 populi
830 2247 878 2304 SS.
890 2249 1054 2305 Anatoliam
1073 2255 1102 2305 et
1118 2249 1323 2322 Audacemibi
1340 2264 1442 2318 passos

163 2397 165 2402 ,
226 2349 289 2388 esse
307 2333 416 2404 absque
435 2334 531 2404 aliqua
550 2335 735 2404 ambiguitate
752 2339 901 2390 testantur.

334 2420 364 2489 ¹⁰)
385 2416 534 2476 Gerendus
552 2421 669 2475 dubium
687 2421 774 2476 solvit
792 2422 828 2476 de
844 2423 956 2478 ratione
975 2427 1117 2494 exortum,
1136 2438 1194 2492 qua
1211 2422 1318 2476 factum
1337 2420 1387 2490 sit,
1409 2426 1442 2475 ut

135 2531 139 2534 ·
225 2522 288 2560 oum
311 2507 396 2561 tertio
418 2522 508 2566 nouas
526 2506 650 2576 Augusti
672 2524 724 2563 uec
747 2508 874 2564 inventio
893 2525 946 2564 nec
968 2510 1117 2564 translatio
1142 2508 1239 2578 aliqua
1257 2507 1285 2562 S.
1304 2506 1441 2576 Stephani

226 2593 471 2663 contigerit,·ista
493 2593 589 2666 potius
613 2594 659 2649 die
681 2611 766 2664 quam
791 2596 911 2650 caeteris
932 2597 1068 2651 memoria
1094 2594 1269 2650 Inventionis
1297 2597 1439 2664 ageretur.

225 2677 406 2733 Existimavit
431 2679 504 2733 enim
528 2679 614 2750 longe
637 2685 702 2736 ante
727 2682 917 2736 inventionem
942 2680 969 2736 S.
989 2680 1141 2753 Stephani,
1166 2681 1241 2736 hanc
1258 2681 1348 2750 ipsam
1368 2680 1442 2734 diem

225 2764 407 2819 inhonorem
432 2764 557 2820 eiusdem
579 2767 885 2838 Protomartyrisesse
904 2768 1040 2838 dicatam,
1065 2767 1247 2838 postmodum
1266 2771 1360 2821 autem
1377 2767 1441 2822 red·

226 2853 313 2908 ditam
332 2849 529 2905 solemniorem
542 2867 576 2906 ex
590 2855 855 2909 commemoratione
874 2854 1039 2923 praedictae
1057 2855 1239 2909 inventionis.
1269 2853 1303 2907 ld
1314 2853 1441 2922 inprimis

110 2925 113 2931 ’
224 2938 345 2992 maxime
362 2936 537 3006 persuadent
549 2937 667 3006 antiqua
684 2943 874 3009 monumenta,
892 2943 924 2992 ut
935 2943 1020 2994 vetus
1031 2939 1267 3010 Martyrologium
1281 2939 1308 2994 S.
1319 2938 1441 3010 Cyriaci,
1552 2996 1554 3000 ,

223 3025 252 3079 in
275 3040 331 3094 quo
359 3023 438 3077 nulla
465 3022 587 3078 habetur
609 3023 663 3079 hae
686 3025 732 3080 die
755 3025 791 3088 dc
813 3025 976 3080 inventione
1003 3025 1124 3097 menti03
1155 3027 1206 3081 sed
1234 3029 1344 3080 tantum
1369 3025 1440 3081 haee

221 3110 329 3165 verba:
358 3109 454 3164 Sancti
473 3109 608 3180 Stephani
626 3111 849 3181 Protomartyris
866 3111 896 3165 in
913 3099 1042 3182 Ausone,
1060 3111 1110 3168 ubi
1127 3111 1226 3168 haberi
1246 3112 1349 3167 dicitur
1367 3129 1440 3167 uuus

223 3195 259 3250 de
276 3195 419 3264 lapidibus
438 3196 540 3266 quibus
559 3211 712 3266 percussus
730 3201 781 3253 est.
816 3198 924 3253 Eadem
936 3198 1025 3268 Beda,
1042 3198 1110 3252 licet
1127 3200 1206 3268 apud
1224 3215 1288 3254 eum
1305 3198 1440 3254 mendose

224 3282 407 3349 „Antiochia“
422 3299 475 3352 pro
485 3283 606 3338 Ancona
620 3285 751 3354 ponatur.
788 3284 897 3350 Quibus
910 3284 932 3339 si
947 3284 1091 3340 adduntur
1107 3301 1180 3356 quae
1196 3285 1295 3341 scribit
1304 3285 1331 3340 S.
1341 3285 1440 3356 Augu·

195 3393 197 3397 ⁴
223 3369 312 3424 stinus
330 3369 417 3424 Serm.
430 3371 473 3424 31.
487 3374 515 3423 et
527 3371 569 3424 32.
582 3371 618 3425 de
629 3371 767 3442 Diversis,
785 3371 833 3426 ubi
852 3371 913 3442 agit
923 3372 961 3426 de
973 3371 1144 3440 perantiqua
1160 3372 1296 3426 Memoria
1315 3372 1439 3426 eiusdem

222 3455 445 3526 Protomartyris
468 3455 606 3512 Anconae
627 3459 736 3528 posita,
764 3458 856 3526 deque
877 3457 927 3512 illo
952 3473 1022 3512 saxo
1046 3473 1102 3526 quo
1121 3457 1196 3512 idem
1213 3458 1242 3511 iu
1262 3457 1359 3512 cubito
1376 3473 1440 3527 per-

222 3556 322 3595 cussus
341 3545 392 3610 est,
410 3542 492 3610 quod
506 3542 624 3612 collegit
641 3544 689 3613 qui
707 3543 875 3614 lapidationi
891 3543 967 3598 illius
984 3543 1114 3598 interluit
1125 3549 1154 3598 et
1165 3545 1193 3599 in
1207 3545 1319 3600 Italiam
1338 3544 1440 3598 detulit

193 3655 195 3661 ·
222 3631 251 3680 et
262 3626 400 3682 Anconae
417 3628 539 3699 reliquit,
558 3645 661 3700 exque
680 3634 807 3700 tempore
825 3629 883 3683 illie
901 3629 1037 3684 memoria
1049 3629 1077 3685 S.
1090 3629 1225 3701 Stephani
1244 3646 1305 3686 esse
1324 3630 1431 3702 coepit3

146 3753 149 3760 .
221 3712 292 3766 haec
318 3713 405 3783 igitur
429 3714 452 3768 si
474 3715 681 3784 antiquioribus
707 3715 921 3787 Martyrologiis
947 3715 1117 3787 iunguntur,
1146 3717 1230 3772 facile
1256 3717 1432 3788 intelligitur,

220 3798 306 3870 louge
340 3805 406 3856 ante
440 3800 633 3856 inventionem
660 3803 883 3873 Protomartyris
919 3802 1057 3856 celebrari
1093 3804 1277 3880 consuevisse
1305 3801 1360 3858 hac
1390 3804 1436 3859 die

220 3887 384 3942 memoriam
408 3888 483 3958 eius,
509 3888 558 3942 vel
582 3888 682 3943 saltem
704 3890 733 3942 in
756 3889 858 3944 ltaliae
884 3887 1058 3958 regionibus.
1103 3888 1229 3945 Celebris
1256 3891 1353 3960 itaque
1372 3889 1438 3944 olim

220 3972 274 4028 fuit
303 3973 396 4028 cultus
425 3973 578 4046 memoriae
604 3973 666 4028 eius
691 3975 819 4045 martyrii
847 3991 882 4030 ex
907 3974 957 4028 illo
984 3974 1092 4044 lapide:
1127 3977 1308 4045 postmodnm
1335 3980 1458 4047 autem,¹

220 4060 385 4114 venerando
416 4075 538 4129 corpore
567 4061 700 4132 invento,
735 4065 821 4115 aucta
847 4075 882 4115 ea
910 4060 970 4115 dies
1000 4065 1043 4115 est
1073 4060 1221 4116 celebriori
1251 4061 1438 4134 solemnitate,

221 4161 295 4214 quae
326 4145 383 4200 iam
410 4146 495 4201 semel
521 4147 624 4217 lapidis
651 4147 712 4202 eius
738 4145 890 4202 memoriae
909 4145 1004 4200 dicata
1026 4151 1106 4209 erat,
1132 4147 1177 4216 (V.
1195 4145 1309 4206 Baros.
1328 4149 1345 4204 i.
1364 4165 1390 4204 n.
1409 4154 1438 4205 a.

220 4232 302 4288 Mart.
323 4233 350 4288 d.
367 4233 393 4288 3.
411 4232 498 4301 Aug.)

330 4316 581 4389 ¹¹)·Cl1·.Kaelen,
599 4318 700 4374 Gesoh.
720 4320 771 4374 der
787 4319 915 4390 Vulgata
933 4336 961 4388 p.
979 4319 1033 4374 442
1051 4335 1091 4389 sq.
