3350 5484
834 321 874 385 15

246 474 301 528 fine
325 475 364 544 gli
388 491 441 544 par
466 475 517 529 che
543 475 565 528 si
589 478 676 528 metta
699 477 772 528 ecc.“
809 473 869 526 Etsi
892 487 964 526 vero
986 472 1066 526 nulla
1083 471 1112 526 iu
1131 471 1310 541 autographo
1334 471 1457 528 habetur

246 561 392 629 inscriptio
411 565 439 614 ct
456 561 593 630 temporis
616 566 699 630 nota,
729 559 855 614 rationes
881 564 974 616 tamen
1001 559 1129 612 internae
1156 574 1274 628 prorsus
1300 559 1367 612 mihi
1395 575 1456 628 per·
1506 621 1510 630 ι

247 648 379 716 suadent,
409 647 492 700 istam
515 647 665 716 epistolam
689 662 762 700 anno
786 647 853 698 1586
880 645 1013 713 scriptam
1040 637 1128 700 fuisse
1146 645 1183 696 ad
1202 644 1354 698 Antonium
1372 644 1455 698 Card.

247 733 401 802 Caraflam,
419 749 475 786 nou
494 737 587 786 autem
606 733 643 786 ad
661 732 828 786 Guilelmum
848 731 930 784 Card.
949 730 1094 800 Sirletum,
1120 731 1355 798 quemadmodum
1374 730 1455 784 Arce-

245 816 339 874 rr'cius
357 819 390 888 (I,
408 821 469 886 169)
487 824 623 873 autumat.
658 819 728 873 Nam
748 815 866 870 Sirletus
885 818 910 870 8,
929 816 970 870 ld.
989 816 1121 870 Octobris
1139 832 1164 870 a.
1184 817 1252 870 1585
1270 817 1356 886 obiit,
1378 824 1456 872 ante-

247 921 332 972 quam
351 905 568 958 commentarius
586 903 615 956 in
632 903 876 973 Martyrologium,
895 903 975 957 cuius
992 903 1098 957 mentio
1116 901 1148 956 lit
1165 903 1193 956 iu
1212 904 1334 972 epistola
1351 909 1459 975 nostra,

247 1006 299 1058 per
316 995 401 1060 typos
421 990 539 1045 exscribi
560 993 678 1057 coeptus
696 995 746 1044 cst.

353 1073 374 1140 ⁵)
396 1057 465 1131 coc.
491 1073 596 1132 Varcia.
616 1074 647 1140 o.
665 1077 707 1130 ca
742 1075 878 1130 mantissa
896 1091 962 1144 pag.
980 1075 1039 1130 asc.

804 1463 900 1546 XII.

348 1737 565 1804 Lambertiuio
596 1735 781 1822 adstipulati
813 1735 896 1801 iuter
926 1735 1045 1802 laboris
1077 1737 1181 1802 socios
1209 1735 1367 1804 aSirleto
1402 1737 1457 1803 ad-

246 1840 343 1906 scitos
366 1840 453 1906 haud
475 1843 665 1924 negavimus
688 1842 761 1925 (Vl)
784 1839 1075 1906 connumerandum
1103 1859 1176 1904 esse
1203 1839 1336 1905 Silvium
1359 1843 1458 1906 Auto-

245 1944 388 2033 nianum,
403 1947 429 2030 ¹)
463 1945 618 2030 Onuphrii
649 1944 796 2010 Panvinii
827 1945 860 2009 in
888 1945 954 2010 suis
982 1943 1025 2008 ad
1051 1943 1209 2018 Platinam
1240 1944 1457 2011 additionibus

246 2067 361 2114 novam
392 2067 573 2130 vanamque
604 2047 644 2114 de
672 2047 833 2114 Oathedra
865 2048 898 2113 S.
925 2047 1011 2114 Petri
1042 2048 1243 2114 Antiocheua
1274 2049 1456 2134 opinionem

243 2157 385 2216 astruere
419 2152 524 2216 conati
559 2151 796 2235 adversarium,
844 2151 933 2217 euius
967 2150 1166 2217 feracissimo
1200 2151 1330 2233 ingenio
1365 2151 1457 2237 plura

243 2253 398 2320 debentur
429 2260 633 2322 monumenta
656 2277 673 2322 e
695 2255 826 2322 latebris
859 2255 1051 2321 christianae
1082 2255 1261 2322 modestiae
1292 2255 1392 2342 ipsius
1424 2255 1457 2320 in

241 2357 402 2442 publicum
434 2379 498 2424 non
532 2357 705 2426 vindicata.
760 2359 925 2445 Expleturi
958 2367 1067 2425 autem
1104 2359 1242 2442 catalogi
1282 2359 1456 2425 lamberti-

240 2461 327 2526 uiani
357 2463 429 2548 (Il),
448 2462 496 2528 ‘in
529 2483 591 2546 quo
627 2469 762 2546 quatuor
799 2463 912 2530 saltem
951 2461 1082 2528 nomina
1115 2462 1263 2528 duximus
1297 2483 1371 2530 esse
1402 2461 1457 2530 de.-

239 2564 337 2630 lenda
367 2567 438 2653 (V),
472 2567 618 2649 lacunas,
653 2567 681 2632 si
712 2587 795 2650 quae
828 2566 965 2652 sparsim
997 2587 1018 2631 a
1049 2565 1186 2632 Baronio
1220 2573 1332 2633 notata
1363 2567 1456 2632 nobis

240 2675 407 2754 occurrunt
440 2669 633 2754 colligimus,
671 2691 741 2736 cum
775 2669 906 2754 Sirlet0,
943 2669 1095 2748 Baronio,
1140 2670 1240 2737 Siluio
1275 2670 1455 2736 Antoniano

239 2791 302 2836 nou
326 2771 507 2836 dubitamus
530 2771 612 2837 inter
633 2770 857 2839 reformatores
879 2772 1100 2858 Martyrologii
1123 2773 1226 2840 locum
1250 2774 1418 2857 assignare

343 2892 377 2976 a)
411 2891 544 2976 Aloysio
577 2890 718 2976 Lilio,⁹)
755 2893 808 2974 qui
840 2893 1002 2978 peculiare
1039 2894 1170 2960 navavit
1208 2894 1346 2960 studium
1380 2915 1453 2960 con-

240 2997 403 3061 structioni
425 3001 490 3060 tam
512 2995 651 3061 tabellae
682 2995 856 3061 litterarum
884 2995 1105 3080 Martyrologii
1137 3003 1323 3080 perpetuae,
1359 3018 1454 3082 quam

239 3099 367 3164 tabulae
390 3099 591 3181 aequationis
616 3098 704 3184 Cycli
727 3099 935 3184 Epactarum,
959 3097 1160 3184 dispositioni
1184 3103 1216 3166 et
1239 3099 1454 3184 coniugationi
1503 3129 1505 3134 ·

238 3197 403 3268 aureorum
428 3222 629 3268 numerorum
653 3223 722 3268 curn
747 3203 891 3288 Epactis,
925 3202 1124 3286 aliorumque
1147 3209 1376 3270 momentorum
1400 3226 1453 3271 ex-

237 3305 400 3390 plicationi
422 3307 464 3372 ad
487 3306 778 3392 pronuntiationem
801 3307 912 3371 Lunae
933 3305 1178 3391 pertinentium3

340 3428 375 3514 b)
398 3427 492 3492 Petro
525 3427 663 3494 diacono
695 3429 865 3510 Toletano,
901 3427 955 3508 qui
982 3446 1046 3491 una
1077 3447 1148 3492 cum
1176 3427 1258 3494 Lilio
1286 3434 1319 3494 et
1341 3427 1452 3494 (llario

226 3530 333 3622 ⁸etiam
372 3530 558 3595 correctioni
593 3530 776 3597 Calendarii
814 3530 985 3613 diligenter
1022 3529 1191 3614 institit,³)
1229 3529 1271 3596 ad
1304 3532 1452 3614 antiquos

236 3631 407 3717 scriptores
430 3633 655 3700 instaurandos
679 3635 762 3700 bono
785 3633 911 3720 publico
933 3639 1085 3715 tanquam
1102 3631 1142 3698 de
1159 3633 1247 3698 coelo
1271 3632 1452 3720 delapso,⁴)
1511 3702 1514 3709 ,

172 3759 173 3763 ’
235 3735 267 3802 in
291 3734 486 3800 restituendo
510 3735 697 3820 Arnobium,
726 3737 971 3822 Tertullianum,
1000 3737 1203 3820 Cassianum,
1237 3735 1270 3800 S.
1295 3736 1452 3804 Isidorum

235 3837 460 3926 Hispaleusem
493 3837 728 3923 sollertissimo,
763 3840 825 3906 cito
852 3841 947 3906 nimis
979 3840 1025 3926 (d.
1050 3842 1100 3907 26.
1126 3838 1254 3906 Octobr.
1279 3840 1377 3925 1581)
1411 3861 1452 3906 ex

206 3978 208 3984 ·
235 3940 383 4006 humanis
408 3940 552 4024 sublato;

339 4062 369 4146 c)
393 4061 537 4128 Gerardo
560 4063 677 4130 Vossio
700 4063 835 4148 Belgae,
863 4061 904 4130 de
927 4063 1116 4148 antiquitate
1139 4064 1359 4131 ecclesiastica
1382 4067 1462 4133 illu-·

234 4162 366 4230 stranda
397 4169 429 4228 et
460 4161 501 4228 de
533 4173 714 4233 sanctorum
749 4167 876 4233 Patrum
911 4168 1123 4234 monumentis
1156 4188 1239 4252 pene
1273 4168 1449 4255 deperditis

233 4267 476 4334 adinveniendis
498 4289 537 4335 ac
559 4270 785 4356 recuperandis
808 4271 842 4335 in
864 4271 1030 4355 lucemque
1062 4269 1297 4359 proferendis⁵)
1331 4274 1450 4359 optimc

234 4373 361 4456 merito,
385 4383 526 4454 quocum¹
543 4373 664 4438 Romae
688 4393 807 4455 magua
829 4373 1005 4460 Beronio⁶)
1028 4373 1210 4440 intercessit
1231 4374 1448 4464 familiaritas,

336 4492 372 4578 d)
396 4493 510 4558 Latino
534 4493 660 4558 Latinio
687 4491 857 4575 insiguiter
886 4494 1024 4579 erudito,
1059 4494 1298 4562 Correctoribus
1322 4519 1448 4584 quoquc
1511 4557 1513 4562 .

233 4595 365 4662 Decreti
397 4595 562 4662 Gratianei
593 4594 828 4680 adgregato,⁷)
865 4595 919 4678 qui
950 4595 981 4660 in
1014 4597 1139 4664 mendis
1174 4599 1297 4684 illapsis
1331 4623 1448 4689 cogno·

233 4699 360 4767 scendis
382 4701 514 4786 lynceos
536 4700 647 4768 habuit
669 4700 834 4784 oculos3⁸)
