3350 5484
821 388 872 450 '73

243 535 284 602 de
318 534 403 602 Petri
441 539 563 602 tanmm
601 536 731 604 Catenis
764 543 829 604 tam
861 537 894 604 in
926 538 1057 605 Oriente
1090 558 1186 622 quam
1217 537 1250 602 in
1282 527 1456 604 Occidente

243 643 358 723 agatur
381 637 582 724 solemnitas,
617 661 682 707 non
704 647 808 707 autern
833 627 874 707 dc
897 641 1031 708 vinculis
1059 642 1192 708 alicuius
1219 641 1350 706 alterius
1374 643 1456 726 hpo-

244 742 416 808 stolorum:
450 749 485 810 ut
507 745 596 811 cuius
620 750 670 811 est
695 745 729 809 in
751 744 891 828 ligandis
923 751 1019 828 atque
1049 745 1213 812 solvendis
1245 744 1359 811 alienis
1390 745 1457 811 vin-

244 846 324 914 culis
346 853 490 932 potestas
513 848 686 934 praecipua
707 849 740 914 in
755 850 910 932 Ecclesia,
934 850 1003 916 eius
1026 851 1121 916 etiarn
1144 849 1272 916 mocula
1293 871 1313 914 a
1336 850 1457 916 cunctis

244 949 392 1018 fidelibus
414 951 446 1018 iu
469 951 589 1020 honore
620 952 822 1020 haberentur.
867 954 1001 1038 Insuper
1031 952 1137 1036 quoad
1167 952 1347 1020 limaturam
1374 961 1457 1020 cate-

245 1075 356 1122 narum
380 1055 466 1121 Petri
494 1077 552 1142 pro
573 1057 696 1142 ingenti
723 1078 854 1125 munere
881 1058 923 1124 ad
950 1079 1044 1142 reges
1068 1062 1100 1123 et
1121 1057 1281 1143 principes
1313 1057 1458 1141 aliosque

245 1160 331 1224 viros
353 1161 523 1244 primarios
547 1160 588 1227 de
611 1163 672 1228 Dei
693 1162 841 1228 Ecclesia
862 1163 1075 1229 benemeritos
1097 1182 1118 1227 a
1139 1163 1283 1227 Romano
1306 1161 1459 1227 Pontifioe

247 1262 329 1330 mitti
352 1261 488 1348 solitam,
512 1285 552 1331 ex
575 1266 720 1351 epistolis
742 1267 931 1351 praesertim
955 1265 986 1332 S.
1004 1265 1151 1351 Gregorii
1174 1266 1216 1330 M.
1240 1265 1337 1332 moris
1359 1264 1459 1332 fuisse

245 1366 363 1452 arguit,
398 1387 469 1434 eam
500 1368 662 1438 includere
693 1389 792 1436 aurea
825 1369 908 1436 clavi
935 1369 976 1434 ab
999 1369 1092 1435 altari
1119 1369 1204 1436 Petri
1235 1362 1381 1455 Apostoli
1407 1390 1458 1436 ac·

246 1475 339 1554 cepta
360 1476 393 1536 et
415 1473 629 1542 transmittere
650 1473 693 1540 ad
715 1475 881 1558 absentes,
913 1471 967 1556 qui
994 1473 1115 1540 clavem
1148 1471 1298 1556 religiose
1327 1493 1459 1558 suspen-

167 1643 168 1646 ,
246 1572 366 1640 debant
394 1573 436 1640 ad
462 1577 592 1661 collum,
629 1583 662 1643 ut
683 1577 829 1663 Apostoli
861 1577 1023 1662 praesidio
1055 1577 1168 1643 muniti
1190 1599 1211 1642 a
1233 1577 1326 1642 malis
1358 1576 1458 1643 immi·

117 1683 121 1690 '
246 1677 394 1744 nantibus
418 1679 476 1745 tuti
498 1686 616 1747 essent.
654 1682 697 1748 At
711 1681 805 1748 Suria
827 1685 867 1767 (s.
884 1702 915 1746 n.
931 1680 1065 1766 xxxi)
1088 1701 1159 1748 cum
1181 1679 1347 1764 Turriano,
1371 1679 1460 1746 cuius

247 1783 425 1850 auctoritati
448 1783 542 1850 nimis
564 1791 614 1852 est
636 1785 806 1871 obnoxius,
840 1786 964 1852 clavem
987 1784 1144 1852 eiusmodi
1166 1804 1231 1850 non
1253 1788 1376 1850 tantum
1400 1803 1459 1867 pro

248 1886 420 1953 munimine
436 1893 468 1954 et
482 1888 590 1972 tutela,
614 1889 672 1956 sed
694 1911 752 1976 pro
770 1890 864 1974 siguo
887 1889 1130 1956 condonationis
1152 1894 1355 1974 peccatorum
1379 1887 1461 1952 mitti

248 1992 453 2059 consuevisse
476 1999 627 2078 autumat,
653 2000 707 2082 „ut
729 1993 824 2061 modo
848 1993 996 2061 Cruciata
1019 1993 1203 2079 Diplomata
1233 1992 1398 2059 mittuntur
1418 1991 1460 2056 ab

247 2093 368 2178 Urbc,“
405 2116 444 2162 ac
475 2116 532 2182 pro
564 2104 650 2165 certo
682 2097 796 2183 credit,
830 2099 957 2164 exista
987 2095 1157 2184 hypothesi
1189 2093 1461 2178 indulgentiarum

249 2198 346 2282 (quae
368 2199 476 2284 utique
497 2200 531 2268 in
553 2201 627 2268 aliis
648 2201 752 2286 iisque
773 2201 872 2286 firmis
895 2208 928 2270 et
949 2202 1065 2270 validis
1091 2201 1233 2267 nituntur
1264 2201 1462 2282 argumentis

249 2325 288 2372 ac
301 2303 538 2406 rationibusV)
562 2305 674 2372 confici
697 2327 793 2391 posse
815 2306 1041 2390 gravissimum
1063 2304 1289 2374 testimonium.

353 2409 446 2487 Quod
469 2415 581 2476 octavo
604 2409 680 2476 ldus
702 2411 874 2478 Novembr.
897 2411 930 2477 in
946 2409 1175 2496 Martyrolog'io
1199 2408 1398 2492 Gregoriano
1421 2407 1462 2476 de

175 2524 181 2532 '
249 2514 282 2579 S.
315 2513 436 2580 Severo
469 2514 699 2582 Barcinonensi
732 2515 894 2601 legitur,³)
931 2514 965 2580 id
996 2514 1144 2582 haustum
1178 2518 1228 2580 est
1262 2533 1302 2580 ex
1334 2511 1463 2578 Molano

248 2616 388 2686 Usuardi
417 2616 539 2684 editore
566 2617 719 2684 Severum
751 2625 901 2686 uanante
928 2639 1025 2688 uuum
1047 2618 1147 2686 fuisse
1170 2616 1375 2703 septuaginta
1398 2615 1463 2703 epi-

250 2742 417 2808 scoporum
440 2719 493 2804 qui
515 2721 606 2804 leges
623 2721 775 2788 Gothicas
790 2723 823 2787 in
838 2724 997 2809 Hispania
1019 2722 1237 2806 condiderunt,
1261 2720 1464 2804 eundemque

249 2825 442 2893 aBarharis
473 2824 632 2910 Gothicis,
666 2825 721 2909 qui
752 2825 973 2894 Gathaloniam
1005 2827 1202 2907 incolebant,
1236 2824 1327 2891 clavo
1359 2823 1464 2910 capite

250 2929 413 3010 confosso,
451 2930 603 3014 martyrio
640 2936 825 2996 coronatum
858 2950 931 2996 esse
962 2952 1047 2996 anno
1080 2928 1198 2996 Christi
1230 2922 1464 2995 sescentesimo

249 3033 410 3099 tricesimo
445 3038 567 3099 octavo.
622 3033 777 3100 baronius
817 3033 945 3118 quidem
980 3057 1016 3102 se
1049 3034 1175 3100 nescire
1211 3033 1341 3116 fatetur,
1380 3030 1465 3098 unde

249 3138 396 3204 Molanus
423 3157 506 3220 quae
534 3136 627 3202 affert
653 3137 827 3223 acceperit,
861 3159 922 3205 nec
944 3137 1060 3205 alicubi
1083 3158 1119 3204 se
1142 3136 1211 3204 eius
1238 3135 1376 3204 nominis
1399 3137 1465 3221 epi-

251 3262 381 3326 scopum
408 3240 678 3308 Barcinonensem
709 3240 830 3324 legisse
851 3241 885 3306 in
908 3242 1058 3309 conciliis
1082 3263 1165 3326 quae
1193 3240 1376 3324 frequenter
1401 3238 1465 3304 illis

250 3345 446 3432 temporibus
470 3350 582 3411 coacta
604 3345 731 3412 suntin
755 3345 925 3431 Hispania,
961 3367 1065 3430 neque
1093 3347 1188 3413 etiarn
1217 3343 1303 3431 apud
1326 3344 1360 3409 S.
1382 3343 1466 3410 llde·

250 3450 390 3532 sonsum,
425 3447 479 3531 qui
500 3448 638 3514 virorum
671 3447 841 3513 illustrium
873 3469 981 3516 eorum
1011 3457 1188 3536 temporum
1217 3448 1331 3515 seriem
1354 3446 1465 3512 texuit.

252 3553 346 3619 Suria
378 3556 485 3617 autern
520 3551 560 3637 (s.
585 3574 616 3616 n.
638 3551 746 3638 XVII)
780 3550 942 3618 Molanum
975 3553 1060 3620 haud
1092 3553 1217 3625 dubitat
1250 3550 1402 3618 incidisse
1433 3551 1465 3616 in

251 3656 390 3739 aliquem
418 3655 598 3740 Hispanum
630 3656 829 3741 scriptorem,
865 3655 919 3738 qui
941 3656 1042 3723 literis
1066 3656 1225 3722 mandarit
1248 3656 1402 3722 Severum
1426 3676 1466 3721 ex

252 3781 382 3826 numero
405 3761 611 3845 septuaginta
633 3759 854 3846 episcoporum
876 3757 1081 3842 legiferorum
1104 3760 1213 3827 luisse.
1260 3759 1467 3825 Constantem

252 3864 336 3932 eninr
359 3871 391 3930 et
413 3869 532 3930 certam
555 3864 642 3948 apud
663 3865 825 3949 Hispanos
849 3883 922 3928 esse
945 3883 1016 3928 eam
1039 3863 1244 3946 sententiam,
1278 3867 1313 3927 ut
1335 3860 1468 3927 credant

251 3966 330 4032 illud
352 3965 460 4032 nobile
483 3968 605 4051 Legum
621 3967 867 4053 Hispaniearum
888 3967 1047 4052 volumen,
1072 3967 1157 4050 quod
1179 3965 1327 4032 Judicum
1350 3965 1466 4031 Forum

252 4071 370 4156 (Puero
392 4069 513 4156 Judg0,
537 4091 595 4138 seu
618 4071 721 4137 Fuere
743 4070 897 4156 Juzg0)⁴)
921 4071 1098 4156 appellant,
1130 4069 1302 4136 Sisenandi
1324 4076 1468 4154 tempore
1502 4081 1504 4086 ’

252 4196 274 4240 a
288 4175 500 4262 septuaginta
516 4175 686 4262 Episcopis
709 4175 763 4258 qui
785 4174 919 4242 concilio
942 4180 1054 4257 quarto
1070 4175 1227 4241 Toletano
1249 4173 1467 4256 interfuerunt,

252 4278 447 4364 publicatum
480 4279 643 4363 Regisque
675 4279 863 4344 auctoritate
897 4279 1065 4361 munitum,
1109 4278 1297 4344 Ambrosius
1329 4276 1468 4342 Morales

253 4391 285 4448 et
306 4382 453 4448 Mariana
484 4382 613 4465 docent,
648 4382 793 4465 quamvis
825 4379 947 4446 addant
974 4387 1006 4448 et
1032 4381 1127 4464 illud,
1161 4382 1304 4447 ultimam
1340 4400 1468 4445 manum

253 4485 326 4551 huie
348 4485 439 4571 operi
459 4485 642 4571 impositam
665 4505 729 4551 non
752 4505 825 4552 esse
848 4491 923 4551 ante
950 4491 1095 4570 tempora
1121 4485 1242 4568 Egicae
1269 4484 1381 4569 Regis,
1415 4483 1469 4566 qui
1577 4495 1587 4508 ·
1655 4473 1657 4494 ⁴

253 4590 339 4656 XVI.
362 4585 553 4656 Toletanam
586 4587 751 4676 Synodum
784 4586 962 4672 cogendam
994 4587 1115 4654 curavit
1146 4583 1358 4674 ann0'693.⁵)
1401 4589 1470 4654 Nec

254 4692 366 4758 mirum
390 4692 514 4759 videtur
529 4691 651 4778 Suriae,
676 4692 761 4775 quod
777 4691 933 4758 Baronius
950 4691 1060 4758 Severi
1083 4692 1330 4760 Barcinonensis
1352 4711 1468 4758 nornen

254 4795 449 4882 adscriptum
483 4795 570 4862 haud
603 4796 757 4882 repererit
787 4796 819 4863 in
851 4795 958 4879 aliquo
990 4795 1146 4864 Toletano
1179 4795 1335 4884 Concilio,
1373 4814 1468 4879 quum
