3350 5484
831 357 873 421 57

241 505 409 575 aedicere
435 528 531 575 unum
559 513 592 575 et
618 507 754 575 eundem
782 507 948 576 Valerium
977 505 1087 574 fabula
1114 528 1187 574 esse
1214 507 1352 593 videtur,
1384 491 1455 593 pro-

241 617 353 698 pterea
375 610 460 694 quod
482 610 537 677 ille
558 611 644 698 prior
667 612 813 679 Valerius
837 613 1017 680 Valentiam
1045 630 1109 676 una
1132 631 1202 676 cum
1224 612 1264 676 D.
1288 611 1455 678 Vincentio
1477 657 1480 663 .

241 716 382 801 Martyre
403 720 580 800 pertractus
595 714 659 781 iam
675 715 770 783 valde
792 737 893 784 senex
915 717 1018 784 fuerit.
1055 717 1173 782 Verum
1197 713 1456 796 claudicathaec

242 818 475 902 argumentatio
495 839 535 885 ex
551 821 712 887 concessis
735 841 936 905 nequaquam
961 817 1184 887 concedendis.
1223 819 1305 884 Num
1327 818 1455 902 quidem

181 924 183 929 '
242 921 304 988 duo
327 923 377 989 vel
400 923 507 1009 plures
530 923 563 988 in
588 924 710 990 familia
728 925 858 991 Valeria
880 922 1081 1010 episcopi-
1102 921 1136 988 id
1158 921 1244 1004 quod
1264 921 1455 988 Prudentius

242 1019 326 1094 certe
359 1026 462 1092 innuit
494 1032 527 1094 et
560 1027 651 1094 salva
683 1028 848 1096 Ecclesiae
886 1025 1207 1110 caesaraugustanae
1244 1030 1389 1092 exactum
1424 1032 1456 1089 et

241 1136 427 1216 perpetuum
452 1151 580 1198 suorum
603 1133 824 1216 episcoporum
848 1132 1028 1215 catalogum
1044 1151 1108 1196 non
1123 1129 1269 1196 habentis
1284 1127 1455 1194 traditione

242 1233 371 1300 defendi
392 1241 498 1320 potest
513 1273 554 1284 -
573 1257 615 1300 an
637 1235 744 1321 plures
763 1236 879 1304 Valerii
903 1236 1046 1322 episcopi
1068 1233 1272 1320 floruerint,⁰)
1295 1232 1454 1300 affirmare

241 1358 304 1404 non
327 1339 429 1404 ausim
453 1360 512 1406 neo
534 1340 644 1422 magni
669 1337 821 1425 ponderis
845 1346 896 1406 est
916 1345 1031 1424 poetae
1054 1339 1161 1424 opinio
1189 1338 1222 1404 in
1245 1335 1456 1422 disceptanda

242 1440 442 1526 quaestione,
478 1449 582 1510 rhum
607 1443 755 1510 Valerius
787 1443 1106 1526 Caesaraugustanus
1134 1440 1188 1525 qui
1213 1440 1355 1507 interfuit
1381 1461 1455 1507 con·
1537 1429 1540 1435 ’

242 1544 314 1610 01110
336 1545 532 1614 illiberitano
555 1554 588 1615 et
610 1548 698 1616 cuius
721 1546 877 1614 diaconus
898 1546 958 1612 fuit
980 1545 1013 1612 S.
1034 1545 1229 1632 Vincentius,
1253 1564 1334 1612 unus
1356 1543 1455 1610 idem-

241 1667 302 1731 que
332 1649 427 1715 fuerit
456 1670 566 1718 necne.
612 1649 809 1729 Ferdinandi
835 1649 876 1717 de
902 1649 1061 1716 Mendoza
1091 1650 1164 1716 libri
1191 1656 1256 1718 tres
1279 1649 1320 1716 de
1343 1648 1453 1715 confir-

240 1751 357 1818 mando
388 1753 522 1820 concilio
553 1754 749 1822 Illiberitano
776 1753 818 1820 ad
842 1754 1038 1822 Clementem
1061 1755 1147 1821 Vlll.
1180 1753 1319 1820 nondum
1352 1753 1455 1834 lucem

240 1855 398 1942 viderant,
433 1876 528 1940 quum
554 1859 742 1925 Notationss
765 1879 786 1922 a
807 1858 988 1925 Justiniano
1020 1859 1219 1926 examinatas
1251 1861 1455 1943 componeret

240 1959 396 2026 Baronius
423 1958 614 2045 hypothesin
642 1963 823 2049 amplexus,
857 1963 971 2030 eodem
992 1962 1059 2030 fere
1087 1983 1172 2029 anno
1195 1982 1257 2045 quo
1279 1962 1454 2027 Nicaenam

240 2083 313 2131 esse
335 2063 476 2130 habitam
499 2066 656 2151 synodum
679 2066 919 2152 llliheritanam,
943 2067 1032 2134 euius
1048 2072 1210 2132 momenta
1231 2064 1456 2148 chronologica

239 2167 367 2234 demum
398 2176 512 2254 postea
543 2172 689 2238 subtilius
721 2171 888 2256 explorata
909 2179 942 2238 et
963 2171 1079 2238 rectius
1112 2168 1244 2236 definita
1269 2175 1351 2236 sunt.
1397 2168 1455 2234 Sin

241 2278 348 2340 autern
376 2275 547 2340 sententia
563 2295 671 2342 eorum
694 2276 749 2359 qui
772 2275 946 2343 Concilium
978 2275 1173 2362 Eliberinum
1195 2276 1229 2342 in
1251 2293 1369 2338 annum
1392 2273 1454 2339 305

206 2383 210 2389 ’
238 2376 290 2442 vel
312 2381 374 2445 306
402 2396 474 2443 esse
501 2377 701 2446 referendum
725 2385 863 2464 tuentur,
896 2379 1037 2446 maxima
1066 2380 1290 2466 probabilitate
1312 2396 1455 2443 secum-

240 2479 385 2565 mendat,
419 2501 484 2547 non
509 2482 637 2552 fabulae
668 2482 762 2550 fidem
794 2471 960 2550 tribuimus
987 2504 1047 2550 nec
1074 2483 1239 2550 veritatem
1258 2481 1454 2568 ,historicam

238 2581 420 2650 deserimus
449 2593 617 2654 censentes
646 2587 809 2654 Valerium
840 2587 873 2654 in
905 2589 985 2654 actis
1017 2587 1050 2654 S.
1084 2585 1243 2654 Vincentii
1275 2585 1368 2652 nobis
1400 2584 1455 2650 ob-

238 2687 324 2754 vium
350 2710 370 2756 a
396 2689 525 2758 Valerio
556 2690 589 2764 in
620 2691 819 2760 documentis
853 2691 1057 2759 illiberitanis
1090 2696 1336 2758 commemorato
1368 2687 1454 2756 haud

238 2791 411 2862 diversum.

244 2987 478 2998 ——-—-

347 3107 364 3175 ¹)
382 3101 496 3179 Hefelc,
516 3107 824 3179 Conciliengeschiohtc
842 3110 865 3180 I,
884 3109 934 3162 122
953 3124 994 3178 sq.

343 3191 364 3260 ²)
382 3190 522 3264 Recitabat,
540 3194 615 3250 Acta
628 3197 789 3266 Martyrum
806 3195 850 3250 ed.
868 3191 1024 3251 Rotiaboa.
1042 3212 1069 3264 p.
1087 3195 1140 3250 400
1159 3209 1200 3263 sq.

344 3277 364 3346 ³)
383 3280 492 3335 Aurelii
503 3279 667 3337 Pacarii
684 3281 836 3338 Clementis
849 3281 980 3336 Carmina
997 3297 1053 3336 rec.
1068 3277 1223 3336 Obbara'as.
1242 3279 1362 3350 Tubing.
1376 3279 1452 3334 1845.

237 3381 264 3434 p.
281 3366 341 3420 220.
379 3364 481 3438 Coma,
499 3368 787 3438 Kirohengeschichte
805 3385 864 3423 von
882 3368 1005 3438 Spanien
1023 3369 1046 3438 I,
1063 3369 1116 3422 320
1134 3383 1175 3437 sq.

345 3451 365 3520 ⁴)
384 3452 410 3508 d.
429 3453 456 3509 h.
475 3455 527 3510 der
544 3455 644 3510 Clerus
661 3471 720 3510 von
738 3448 907 3524 Saragossa,
926 3454 978 3508 das
995 3453 1075 3508 Haus
1098 3454 1149 3508 der
1166 3451 1296 3508 Valerier
1315 3451 1353 3521 (d.
1370 3452 1388 3506 i.
1407 3452 1453 3508 die

237 3536 439 3609 Angehb'rigen
457 3541 508 3596 des
525 3541 656 3596 Bisohofs
674 3541 818 3609 Valerius)
835 3540 934 3595 httten
952 3540 1012 3594 sich
1025 3557 1057 3594 so
1071 3539 1217 3594 standhalt
1234 3538 1377 3608 gehalten,
1394 3539 1453 3593 und

207 3630 209 3636 '
237 3623 332 3680 solche
351 3625 503 3698 Triumphe
521 3644 670 3700 errungen.
706 3628 796 3684 Darin
812 3627 883 3697 liegt
896 3626 1005 3698 judoch
1022 3626 1108 3697 nicht,
1127 3627 1194 3681 dass
1212 3626 1346 3682 Valerius
1365 3625 1454 3682 selbst

236 3709 425 3786 hingerichtet
442 3713 560 3768 worden
578 3715 627 3770 sci.
663 3713 746 3770 Auch
764 3713 853 3769 durch
872 3714 933 3770 sein
945 3713 1009 3768 Exil
1026 3711 1111 3768 nahm
1124 3729 1154 3769 er
1168 3729 1205 3768 an
1224 3713 1288 3768 dem
1300 3710 1453 3783 Triumphe

236 3795 324 3853 Theil.
362 3793 476 3868 (Hcscle
494 3800 512 3854 l.
531 3816 555 3856 e.
574 3818 601 3870 p.
620 3803 672 3857 128
689 3819 715 3857 n.
733 3801 770 3870 2.)

342 3883 363 3953 ⁵)
383 3884 440 3940 Cir.
458 3878 532 3954 quae
551 3902 586 3941 ex
604 3887 748 3944 breviario
761 3888 1039 3957 -Caesaraugustano
1058 3887 1102 3942 ed.
1120 3902 1146 3941 a.
1166 3886 1234 3941 1572
1252 3881 1454 3941 Bollaadicaa'

238 3971 323 4040 (Acta
340 3971 389 4027 SS.
414 3972 452 4027 ad
471 3971 498 4027 d.
515 3973 558 4028 23.
577 3973 707 4042 Januar.)
734 3975 885 4045 proferunt
911 3973 1016 4028 verba:
1053 3973 1105 4040 ,Et
1130 3973 1238 4043 pietate
1266 3976 1295 4026 et
1322 3972 1453 4029 doctrina

234 4057 353 4128 insignis
371 4058 503 4114 Valsn‘us
522 4075 557 4114 ex
575 4058 718 4116 consudari
736 4059 916 4115 Valeriorum
939 4059 1127 4131 turha,·teste
1145 4059 1315 4129 Prudentio,
1334 4057 1453 4114 Cacsar·
1475 4050 1484 4068 '

236 4148 376 4215 augustae
396 4149 476 4200 ortus
495 4149 562 4201 est.“
639 4180 640 4184 =
1350 4150 1353 4154 ’

341 4231 437 4300 ⁶)0fr.
459 4230 606 4288 Areoolus
627 4233 657 4288 in
680 4231 893 4304 Prolegomenis
915 4249 961 4288 nn.
979 4233 1021 4288 31.
1043 4233 1086 4286 32.
1104 4232 1139 4286 58
1163 4232 1241 4286 etin
1265 4231 1452 4287 Commentar.

235 4315 272 4368 ad
289 4315 447 4386 Peristeph.
466 4317 509 4372 ed.
522 4315 625 4392 Miyne
643 4337 670 4388 p.
683 4321 734 4375 366
748 4335 789 4389 sq.
808 4319 932 4388 („Possit
950 4318 1074 4373 dubitari
1093 4335 1129 4373 an
1147 4319 1319 4374 Prudentius
1338 4319 1451 4374 domum

234 4399 383 4456 infulatam
409 4402 589 4458 Valeriorum
615 4410 702 4460 vocet
729 4406 814 4460 etiam
841 4405 909 4474 quia
930 4405 959 4459 in
982 4421 1017 4460 ea
1041 4405 1148 4460 familia
1175 4422 1262 4476 saepe
1290 4409 1354 4461 erat
1379 4422 1452 4460 unus

125 4487 127 4492 '
227 4487 338 4557 ¹aliquis
363 4488 464 4544 flamen
493 4491 573 4560 apud-
591 4493 753 4547 Romanos:
782 4492 810 4546 in
833 4492 913 4546 cuius
939 4493 1059 4547 nummis
1086 4493 1197 4563 insigne
1226 4493 1350 4547 cernitur
1377 4507 1452 4561 apex

234 4575 421 4630 sacerdotalis
438 4576 467 4631 in
486 4578 604 4648 egregia
627 4578 795 4633 collectione
817 4593 993 4632 nummorum
1016 4579 1191 4648 reipublicae
1209 4581 1355 4634 Romanae
1374 4579 1453 4648 apud

235 4658 269 4713 cl.
288 4659 423 4716 baronem
441 4662 606 4728 Alminusae
628 4663 823 4719 Alexandrum
845 4665 1026 4733 Recuperum
1049 4665 1251 4738 Catanensem,
1274 4665 1328 4740 'qui
1346 4681 1451 4724 novum

234 4745 270 4802 de
287 4762 352 4803 asse
370 4749 501 4806 Romano
520 4755 646 4824 systema
663 4749 791 4822 proferet
808 4751 837 4805 in
855 4751 983 4821 lucem.“)
