3350 5484
811 305 850 370 16

325 460 358 548 6)
381 460 488 527 Curtio
516 459 657 544 Franco,
692 459 854 525 Canonico
883 457 917 523 S.
944 458 1030 524 Petri
1058 457 1097 523 in
1114 455 1287 542 Vaticano,
1322 456 1435 541 quiin

222 563 446 651 perquirendis
469 564 642 648 Martyrum
666 561 768 646 gestis
790 560 959 648 plurimum
982 559 1149 628 laborasse
1171 559 1326 647 fertur;¹)

324 684 353 770 f)
375 685 515 752 Antonio
543 683 682 752 Geronio
708 681 957 766 Tarraconensi,
991 681 1025 747 in
1047 681 1308 766 ambiguitatibus
1331 702 1436 749 rerum

222 787 509 886 ecclesiasticarum
536 787 580 854 ad
606 787 758 860 historiae
788 785 955 854 veritatem
987 785 1205 871 spectantibus
1236 784 1437 872 explicandis

221 892 366 978 apprime
388 897 534 976 versat03
550 891 593 978 ¹⁰)
616 891 755 975 denique

324 1013 360 1099 g)
383 1013 521 1079 Antonio
542 1012 669 1096 Agellio
693 1011 816 1078 Olerioo
838 1011 1004 1096 Regulari,
1018 1013 1056 1096 ¹¹)
1083 969 1210 1095 graecis
1232 1007 1435 1076 facultatibus

223 1117 354 1201 egregie
377 1116 503 1184 exculto
527 1122 559 1183 et
579 1114 710 1181 Baronii
731 1115 976 1182 studiosissimo.

222 1311 455 1324 ψ

331 1431 348 1498 ¹)
366 1444 453 1498 aquo
467 1427 556 1482 Index
575 1426 697 1480 omnium
715 1427 920 1496 scripturarum
942 1426 1062 1482 archivii
1080 1430 1281 1481 sacrosanctae
1299 1427 1436 1482 basilicae

221 1517 361 1586 Principis
386 1515 591 1584 Apostolorum
616 1529 642 1568 a.
664 1514 699 1567 D.
727 1513 796 1568 1599
823 1513 969 1569 confectus
996 1517 1046 1568 est.
1092 1513 1148 1568 Cfr.
1176 1514 1208 1568 B.
1230 1511 1347 1584 Doctk,
1378 1515 1436 1569 Iter

222 1605 388 1658 Romanurn.
411 1602 433 1656 Ι.
462 1601 545 1656 Wien
564 1599 639 1653 1855.
657 1616 685 1668 p.
703 1601 745 1655 77.
782 1601 878 1669 („Silv.
897 1601 1048 1655 Antonian.
1066 1601 1163 1654 humili
1180 1600 1245 1654 loco
1264 1605 1357 1671 natus,
1375 1602 1436 1656 sola

222 1690 338 1744 virtutis
364 1687 526 1758 ingeniique
552 1686 796 1741 commendatione
820 1689 848 1741 in
875 1703 938 1741 eum
964 1686 1082 1740 honoris
1110 1702 1144 1741 ac
1168 1687 1314 1757 dignitatis
1342 1688 1436 1742 locum

222 1774 366 1846 pervenit,
393 1773 442 1844 qui
466 1775 528 1827 erat
551 1787 658 1828 summo
682 1773 835 1842 proximus.
870 1773 937 1825 Pius
956 1772 1005 1827 lV.
1023 1772 1064 1826 illi
1081 1772 1262 1828 humaniores
1280 1774 1390 1829 litteras
1407 1776 1436 1828 in

221 1863 460 1935 Archigymnasio
483 1862 611 1914 Romano
635 1859 749 1928 publice
772 1858 893 1912 docendi
915 1873 1016 1912 munus
1040 1859 1176 1914 attribuit.
1213 1861 1276 1914 Hoc
1299 1861 1436 1916 Pontifice

222 1953 284 2008 vita
306 1952 404 2006 functo
428 1964 492 2002 cum
514 1947 663 2001 sanctioris
689 1945 768 2000 vitae
795 1943 889 1998 studio
916 1946 1063 2014 incensus,
1091 1949 1182 2000 totum
1205 1963 1235 2002 se
1258 1947 1285 2003 S.
1304 1949 1435 2018 Philippo

223 2037 309 2095 Nerio
332 2036 362 2089 in
385 2033 563 2102 disciplinam
591 2032 729 2101 dedisset,
757 2029 821 2085 aS.
845 2031 896 2086 Pio
914 2031 949 2087 V.
972 2032 1046 2086 sacri
1070 2031 1262 2089 Cardinalium
1289 2035 1437 2105 oollcgiia

222 2123 340 2178 secretis
358 2136 458 2174 munus
476 2120 553 2174 ultro
574 2117 628 2172 sibi
648 2117 773 2172 delatum
792 2117 925 2188 suscepit,
945 2133 1027 2187 quern
1045 2119 1139 2174 locum
1158 2122 1281 2192 quinque
1294 2126 1323 2176 et
1334 2121 1436 2192 viginti

223 2225 327 2278 annos,
357 2221 464 2261 summa
491 2203 663 2275 integritatis
689 2203 914 2272 prudentiaeque
943 2219 1005 2258 oum
1027 2205 1113 2260 lande
1136 2206 1234 2260 tenuit.
1270 2207 1436 2276 Papicnsem

223 2295 393 2351 Gathedram
412 2309 430 2347 a
449 2291 589 2362 Gregorio
608 2289 686 2345 XIV.
705 2289 758 2344 sibi
777 2289 903 2344 oblatam
926 2291 1156 2367 constantissime
1168 2294 1339 2362 repudiavit.
1376 2295 1436 2349 Cle-

223 2399 302 2438 mens
324 2381 403 2436 VIII.
427 2379 475 2448 qui
499 2377 655 2447 singularia
678 2375 798 2430 hominis
822 2377 922 2431 merita
944 2381 1054 2448 nosset,
1085 2379 1215 2435 eubiculo
1239 2381 1387 2435 Pontificio
1409 2385 1438 2435 61

224 2467 413 2526 sanctioribus
440 2465 577 2520 brevibus
605 2479 667 2517 eum
694 2462 846 2533 praefecit,
874 2467 1018 2532 postremo
1042 2464 1069 2519 S.
1087 2467 1120 2520 R.
1137 2468 1169 2522 E.
1194 2467 1372 2524 cardinalem
1394 2483 1438 2522 re-

223 2554 377 2610 nunciavit.
422 2553 549 2606 Mortuus
577 2554 620 2604 est
646 2565 720 2604 anuo
748 2549 851 2604 aetatis
879 2565 947 2604 suae
975 2553 1152 2621 sexagesimo
1179 2555 1289 2608 terti0.“
1331 2553 1436 2626 Regna

223 2637 350 2697 Albcro'c.
370 2639 422 2709 Ill,
439 2639 493 2706 20.)

172 2739 175 2746 '
330 2727 350 2796 ¹)
369 2722 527 2794 Bintert'm,
545 2721 838 2792 Denkwiirdiglreiten
860 2722 911 2776 der
931 2723 1036 2778 Kirche
1048 2724 1112 2780 V.I
1131 2726 1232 2794 (Mainz
1256 2727 1333 2794 1829)
1355 2743 1382 2795 p.
1394 2727 1437 2780 89.

223 2813 410 2878 Reclamabat,
438 2812 493 2866 Zur
516 2808 684 2878 GesohIchte
708 2809 758 2864 des
784 2809 1062 2877 hopernikanischen
1087 2811 1213 2882 Systems
1241 2813 1437 2883 (Braunsberg

225 2904 304 2970 1861)
336 2919 363 2970 p.
386 2901 429 2955 20.
475 2895 623 2963 Macdlco’,
663 2895 831 2950 Gesehichte
858 2896 909 2951 der
935 2897 1166 2953 Himmelskunde
1205 2899 1439 2970 (Braunsohweig

225 2989 303 3058 1873)
322 2989 345 3057 I,
363 2989 416 3041 213
434 3002 475 3056 sq.
1339 2993 1342 3000 ⁴

337 3073 358 3140 ¹)
378 3072 435 3127 Cfr.
457 3071 492 3126 A.
514 3088 542 3125 v.
563 3068 719 3137 Roatnoot,
738 3068 906 3124 Geschichte
924 3070 975 3124 der
988 3070 1071 3125 Stadt
1087 3070 1167 3124 Rom.
1186 3070 1238 3125 Ill.
1256 3071 1342 3139 (Berl.
1365 3073 1443 3140 1870)

225 3179 253 3231 p.
271 3161 323 3215 572
343 3164 371 3214 61
389 3155 495 3228 Nellos,
514 3158 557 3211 De
575 3155 733 3210 ratIonibus
751 3155 813 3210 fest.
832 3157 926 3212 mobil.
962 3157 1090 3212 Viennae
1109 3157 1185 3211 1868.
1203 3175 1231 3226 p.
1252 3157 1302 3212 146
1320 3174 1360 3228 sq.

332 3245 352 3314 ⁴)
371 3244 505 3299 Andreae
530 3237 646 3298 Sebotti
669 3241 766 3296 Oratio
784 3242 812 3296 in
830 3242 929 3318 funere
951 3243 1068 3298 Antonii
1091 3243 1244 3313 Augustini
1266 3245 1440 3315 Archicpise.

226 3335 379 3390 Tarracon.
416 3329 540 3400 (Dialog.
560 3328 603 3383 ed.
622 3325 728 3382 Bolas.
747 3345 774 3398 p.
793 3329 863 3396 617.)

335 3416 356 3486 ¹)
382 3415 438 3471 Cfr.
466 3430 540 3484 quae
567 3413 714 3483 praefatus
742 3419 785 3470 est
817 3413 939 3472 Vossius
965 3417 993 3470 in
1021 3416 1087 3470 edit.
1116 3415 1236 3485 Operum
1261 3416 1289 3472 S.
1311 3417 1441 3489 Gregorii

225 3503 439 3573 Thaumaturgi.
475 3503 603 3571 Mogunt.
624 3501 700 3555 1604.

332 3591 356 3663 ¹)
371 3589 506 3644 Eruditus
524 3587 570 3641 vir
588 3586 733 3641 Gerardus
751 3587 870 3643 Vossius
889 3589 988 3659 Belga,
1009 3605 1131 3658 quocum
1149 3606 1252 3660 magna
1271 3591 1337 3645 mihi
1354 3592 1456 3646 inter·

226 3678 302 3733 cedit
320 3675 509 3744 familiaritas,
536 3672 643 3741 scripta
661 3671 751 3728 sancti
769 3673 891 3743 Ephrem
911 3691 1018 3729 summa
1036 3691 1098 3738 cum
1117 3676 1265 3746 diligentia
1285 3677 1442 3746 perquisita

226 3768 255 3819 61
267 3779 302 3818 cx
313 3760 476 3832 praecipuis
494 3758 596 3813 Italiae
613 3758 793 3814 bibliothecis
812 3760 941 3832 collecta,
959 3761 1105 3816 Latinitati
1123 3762 1241 3816 daturus
1255 3767 1312 3818 est:
1329 3765 1442 3820 reddet-

227 3866 281 3920 que
303 3839 408 3903 nostris
431 3845 607 3914 temporibus
631 3843 734 3916 Syrum
756 3846 920 3918 theologum
944 3849 1044 3904 Latine
1065 3850 1240 3918 loquentem,
1267 3849 1312 3903 cui
1331 3848 1441 3906 Graece

227 3935 338 3990 dicendi
357 3933 384 3989 S.
403 3932 528 3988 Basilius
552 3932 618 3986 olim
639 3932 771 3988 tribuisse
798 3932 962 3990 facultatem
987 3936 1116 3990 traditur.
1153 3931 1275 4003 (Boron.
1294 3935 1395 3992 11161.
1414 3953 1440 3992 a.

225 4024 307 4078 Mart.
326 4022 350 4076 1.
367 4019 461 4088 Febr.)

332 4106 352 4175 ⁷)
370 4102 438 4160 Aac.
457 4102 619 4175 Angustia.
635 4104 671 4160 de
689 4105 1041 4162 Emendatione'Gratiani
1059 4123 1086 4176 p.
1105 4105 1165 4161 238.

334 4193 355 4262 ¹)
373 4192 452 4248 Vixit
475 4191 645 4246 Philastrius
668 4191 843 4263 (Brixiensis)
862 4195 915 4250 sub
933 4195 1094 4250 Theodosio
1119 4193 1231 4250 seniore
1257 4195 1440 4266 interfuitque

226 4296 283 4336 una
307 4296 369 4335 oum
399 4282 498 4333 sancto
522 4277 674 4332 Ambrosio
701 4280 878 4349 caeterisque
905 4280 1010 4336 sanctis
1038 4280 1180 4350 episcopis
1202 4281 1328 4336 Concilio
1351 4282 1440 4352 Aqui·

226 4369 324 4424 leiensi
349 4367 489 4422 adversus
511 4365 649 4435 Arianos,
675 4369 707 4419 61
725 4371 845 4434 apparet
863 4383 898 4421 ex
916 4368 987 4422 actis
1012 4367 1136 4422 eiusdem
1155 4367 1280 4423 Concilii.
1316 4369 1440 4424 Meminit

227 4455 351 4510 eiusdem
374 4452 401 4508 S.
419 4453 597 4522 Augustinus
617 4451 691 4506 libro
718 4452 754 4505 dc
777 4451 915 4508 haeresib.
938 4455 975 4508 ad
994 4452 1238 4526 Quodvultdeum,
1264 4471 1352 4524 seque
1368 4471 1439 4510 -eum

226 4540 340 4594 novisse
367 4543 502 4594 testatur:
533 4539 603 4594 obiit
625 4541 718 4592 autern
744 4539 817 4594 diem
840 4555 903 4593 cum
931 4537 1024 4593 adhuc
1051 4543 1195 4609 superstes
1223 4545 1298 4595 esset
1324 4546 1440 4597 sanctus

226 4626 407 4696 Ambrosius,
426 4629 458 4678 61
475 4629 596 4694 apparet
614 4640 648 4678 ex
667 4639 796 4680 sermone
814 4624 842 4680 S.
862 4625 1027 4696 Gaudentii,
1051 4625 1112 4678 eius
1130 4626 1318 4697 successoris,
1340 4625 1438 4682 habito

226 4713 254 4766 in
276 4712 454 4766 ordinatione
479 4726 539 4765 sna.
575 4711 656 4766 Unde
680 4716 792 4766 constat
815 4713 862 4767 vel
888 4713 1052 4768 mendosum
1079 4725 1141 4766 esse
1165 4710 1303 4782 codicem,
1331 4713 1378 4768 vel
1401 4713 1438 4768 ab
