<?xml version="1.0" encoding="UTF-8"?>
<!DOCTYPE html PUBLIC "-//W3C//DTD XHTML 1.0 Transitional//EN"
    "http://www.w3.org/TR/xhtml1/DTD/xhtml1-transitional.dtd">
<html xmlns="http://www.w3.org/1999/xhtml" xml:lang="en" lang="en">
 <head>
  <title>
</title>
<meta http-equiv="Content-Type" content="text/html;charset=utf-8" />
  <meta name='ocr-system' content='tesseract 3.04.00' />
  <meta name='ocr-capabilities' content='ocr_page ocr_carea ocr_par ocr_line ocrx_word'/>
</head>
<body>
  <div class='ocr_page' id='page_1' title='image "./demartyrologior00laemgoog_0042.png"; bbox 0 0 3350 5484; ppageno 0'>
   <div class='ocr_carea' id='block_1_1' title="bbox 788 374 883 438">
    <p class='ocr_par' dir='ltr' id='par_1_1' title="bbox 788 374 883 438">
     <span class='ocr_line' id='line_1_1' title="bbox 788 374 883 438; baseline -0.021 0"><span class='ocrx_word' id='word_1_1' title='bbox 788 374 883 438; x_wconf 42' lang='lat'>‘31</span> 
     </span>
    </p>
   </div>
   <div class='ocr_carea' id='block_1_2' title="bbox 224 525 1476 1725">
    <p class='ocr_par' dir='ltr' id='par_1_2' title="bbox 224 525 1476 1725">
     <span class='ocr_line' id='line_1_2' title="bbox 362 525 1471 598; baseline 0.003 -16"><span class='ocrx_word' id='word_1_2' title='bbox 362 525 383 598; x_wconf 82' lang='lat'>²)</span> <span class='ocrx_word' id='word_1_3' title='bbox 401 530 502 584; x_wconf 79' lang='lat' dir='ltr'>Exstat</span> <span class='ocrx_word' id='word_1_4' title='bbox 513 525 704 596; x_wconf 89' lang='lat' dir='ltr'>Amphilochii</span> <span class='ocrx_word' id='word_1_5' title='bbox 722 526 833 580; x_wconf 90' lang='lat' dir='ltr'>nomine</span> <span class='ocrx_word' id='word_1_6' title='bbox 852 526 960 596; x_wconf 89' lang='lat' dir='ltr'>scripta</span> <span class='ocrx_word' id='word_1_7' title='bbox 977 526 1039 581; x_wconf 88' lang='lat' dir='ltr'>vita</span> <span class='ocrx_word' id='word_1_8' title='bbox 1051 527 1149 583; x_wconf 89' lang='lat' dir='ltr'>Basilii</span> <span class='ocrx_word' id='word_1_9' title='bbox 1163 570 1169 584; x_wconf 95' lang='lat'>.</span> <span class='ocrx_word' id='word_1_10' title='bbox 1183 571 1189 584; x_wconf 97' lang='lat'>.</span> <span class='ocrx_word' id='word_1_11' title='bbox 1203 531 1281 587; x_wconf 80' lang='lat' dir='ltr'>dedit</span> <span class='ocrx_word' id='word_1_12' title='bbox 1300 547 1361 587; x_wconf 89' lang='lat' dir='ltr'>eam</span> <span class='ocrx_word' id='word_1_13' title='bbox 1380 533 1471 587; x_wconf 91' lang='lat' dir='ltr'>latini-</span> 
     </span>
     <span class='ocr_line' id='line_1_3' title="bbox 256 613 1472 685; baseline -0.001 -14"><span class='ocrx_word' id='word_1_14' title='bbox 256 617 308 672; x_wconf 85' lang='lat' dir='ltr'>tati</span> <span class='ocrx_word' id='word_1_15' title='bbox 326 617 416 672; x_wconf 86' lang='lat' dir='ltr'>Ursus</span> <span class='ocrx_word' id='word_1_16' title='bbox 435 615 462 670; x_wconf 90' lang='lat' dir='ltr'>S.</span> <span class='ocrx_word' id='word_1_17' title='bbox 481 617 514 669; x_wconf 89' lang='lat' dir='ltr'>R.</span> <span class='ocrx_word' id='word_1_18' title='bbox 533 615 565 668; x_wconf 93' lang='lat' dir='ltr'>E.</span> <span class='ocrx_word' id='word_1_19' title='bbox 584 613 788 683; x_wconf 75' lang='lat' dir='ltr'>subdiaconus,</span> <span class='ocrx_word' id='word_1_20' title='bbox 808 613 887 667; x_wconf 90' lang='lat' dir='ltr'>cuius</span> <span class='ocrx_word' id='word_1_21' title='bbox 905 613 1125 685; x_wconf 81' lang='lat' dir='ltr'>praefationem,</span> <span class='ocrx_word' id='word_1_22' title='bbox 1153 631 1227 685; x_wconf 91' lang='lat' dir='ltr'>quae</span> <span class='ocrx_word' id='word_1_23' title='bbox 1246 617 1426 672; x_wconf 90' lang='lat' dir='ltr'>desideratur</span> <span class='ocrx_word' id='word_1_24' title='bbox 1443 619 1472 671; x_wconf 91' lang='lat' dir='ltr'>in</span> 
     </span>
     <span class='ocr_line' id='line_1_4' title="bbox 257 699 1472 774; baseline 0 -16"><span class='ocrx_word' id='word_1_25' title='bbox 257 704 386 774; x_wconf 88' lang='lat' dir='ltr'>caeteris,</span> <span class='ocrx_word' id='word_1_26' title='bbox 408 703 529 772; x_wconf 87' lang='lat' dir='ltr'>legimus</span> <span class='ocrx_word' id='word_1_27' title='bbox 546 702 574 755; x_wconf 93' lang='lat' dir='ltr'>in</span> <span class='ocrx_word' id='word_1_28' title='bbox 592 704 650 755; x_wconf 86' lang='lat' dir='ltr'>vet.</span> <span class='ocrx_word' id='word_1_29' title='bbox 667 715 807 756; x_wconf 77' lang='lat' dir='ltr'>manuscr.</span> <span class='ocrx_word' id='word_1_30' title='bbox 827 699 925 754; x_wconf 91' lang='lat' dir='ltr'>codice</span> <span class='ocrx_word' id='word_1_31' title='bbox 944 703 1059 754; x_wconf 89' lang='lat' dir='ltr'>nostrae</span> <span class='ocrx_word' id='word_1_32' title='bbox 1077 700 1276 772; x_wconf 81' lang='lat' dir='ltr'>bibliothecae,</span> <span class='ocrx_word' id='word_1_33' title='bbox 1305 720 1390 772; x_wconf 88' lang='lat' dir='ltr'>quam</span> <span class='ocrx_word' id='word_1_34' title='bbox 1406 721 1472 773; x_wconf 92' lang='lat' dir='ltr'>pos-</span> 
     </span>
     <span class='ocr_line' id='line_1_5' title="bbox 236 787 1472 856; baseline 0.002 -14"><span class='ocrx_word' id='word_1_35' title='bbox 236 787 380 842; x_wconf 85' lang='lat' dir='ltr'>sidemus</span> <span class='ocrx_word' id='word_1_36' title='bbox 406 787 578 843; x_wconf 86' lang='lat' dir='ltr'>liberalitate</span> <span class='ocrx_word' id='word_1_37' title='bbox 605 787 670 856; x_wconf 91' lang='lat' dir='ltr'>piae</span> <span class='ocrx_word' id='word_1_38' title='bbox 697 787 849 842; x_wconf 89' lang='lat' dir='ltr'>memoriae</span> <span class='ocrx_word' id='word_1_39' title='bbox 876 787 974 856; x_wconf 88' lang='lat' dir='ltr'>optimi</span> <span class='ocrx_word' id='word_1_40' title='bbox 1001 803 1035 842; x_wconf 91' lang='lat' dir='ltr'>ac</span> <span class='ocrx_word' id='word_1_41' title='bbox 1064 787 1245 842; x_wconf 87' lang='lat' dir='ltr'>eruditissimi</span> <span class='ocrx_word' id='word_1_42' title='bbox 1271 790 1326 843; x_wconf 83' lang='lat' dir='ltr'>viri</span> <span class='ocrx_word' id='word_1_43' title='bbox 1353 789 1472 844; x_wconf 89' lang='lat' dir='ltr'>Achillis</span> 
     </span>
     <span class='ocr_line' id='line_1_6' title="bbox 257 865 1472 944; baseline 0.001 -13"><span class='ocrx_word' id='word_1_44' title='bbox 257 872 352 931; x_wconf 79' lang='lat' dir='ltr'>Statii</span> <span class='ocrx_word' id='word_1_45' title='bbox 376 875 512 930; x_wconf 85' lang='lat' dir='ltr'>Lusitani.</span> <span class='ocrx_word' id='word_1_46' title='bbox 549 874 664 943; x_wconf 91' lang='lat' dir='ltr'>(Annct.</span> <span class='ocrx_word' id='word_1_47' title='bbox 682 889 707 928; x_wconf 90' lang='lat' dir='ltr'>a.</span> <span class='ocrx_word' id='word_1_48' title='bbox 727 873 951 942; x_wconf 58' lang='grc'><strong>1155551.)-</strong></span> <span class='ocrx_word' id='word_1_49' title='bbox 987 865 1100 928; x_wconf 85' lang='lat' dir='ltr'>Editum</span> <span class='ocrx_word' id='word_1_50' title='bbox 1120 876 1262 944; x_wconf 90' lang='lat' dir='ltr'>reperitur</span> <span class='ocrx_word' id='word_1_51' title='bbox 1279 876 1306 932; x_wconf 93' lang='lat' dir='ltr'>S.</span> <span class='ocrx_word' id='word_1_52' title='bbox 1325 877 1472 932; x_wconf 88' lang='lat' dir='ltr'>Anastasii</span> 
     </span>
     <span class='ocr_line' id='line_1_7' title="bbox 258 959 1473 1033; baseline 0 -16"><span class='ocrx_word' id='word_1_53' title='bbox 258 961 384 1018; x_wconf 90' lang='lat' dir='ltr'>Sinaitae</span> <span class='ocrx_word' id='word_1_54' title='bbox 409 961 536 1031; x_wconf 78' lang='lat' dir='ltr'>episcopi</span> <span class='ocrx_word' id='word_1_55' title='bbox 559 961 655 1016; x_wconf 87' lang='lat' dir='ltr'>nobile</span> <span class='ocrx_word' id='word_1_56' title='bbox 678 976 751 1029; x_wconf 88' lang='lat' dir='ltr'>opus</span> <span class='ocrx_word' id='word_1_57' title='bbox 769 960 805 1014; x_wconf 93' lang='lat' dir='ltr'>de</span> <span class='ocrx_word' id='word_1_58' title='bbox 823 959 908 1014; x_wconf 86' lang='lat' dir='ltr'>rectis</span> <span class='ocrx_word' id='word_1_59' title='bbox 930 959 1111 1029; x_wconf 85' lang='lat' dir='ltr'>dogmatibus</span> <span class='ocrx_word' id='word_1_60' title='bbox 1130 965 1158 1015; x_wconf 90' lang='lat' dir='ltr'>et</span> <span class='ocrx_word' id='word_1_61' title='bbox 1176 978 1319 1018; x_wconf 88' lang='lat' dir='ltr'>sermones</span> <span class='ocrx_word' id='word_1_62' title='bbox 1337 964 1473 1033; x_wconf 88' lang='lat' dir='ltr'>nonnulli,</span> 
     </span>
     <span class='ocr_line' id='line_1_8' title="bbox 258 1047 1473 1118; baseline 0.002 -16"><span class='ocrx_word' id='word_1_63' title='bbox 258 1064 330 1118; x_wconf 91' lang='lat' dir='ltr'>quos</span> <span class='ocrx_word' id='word_1_64' title='bbox 358 1048 424 1102; x_wconf 91' lang='lat' dir='ltr'>olim</span> <span class='ocrx_word' id='word_1_65' title='bbox 452 1047 606 1102; x_wconf 89' lang='lat' dir='ltr'>monachus</span> <span class='ocrx_word' id='word_1_66' title='bbox 627 1048 657 1102; x_wconf 90' lang='lat' dir='ltr'>iu</span> <span class='ocrx_word' id='word_1_67' title='bbox 680 1047 747 1103; x_wconf 89' lang='lat' dir='ltr'>Sina</span> <span class='ocrx_word' id='word_1_68' title='bbox 774 1048 885 1116; x_wconf 90' lang='lat' dir='ltr'>positus</span> <span class='ocrx_word' id='word_1_69' title='bbox 912 1047 1079 1117; x_wconf 83' lang='lat' dir='ltr'>scripserat3</span> <span class='ocrx_word' id='word_1_70' title='bbox 1110 1063 1229 1116; x_wconf 90' lang='lat' dir='ltr'>quorum</span> <span class='ocrx_word' id='word_1_71' title='bbox 1247 1049 1357 1118; x_wconf 88' lang='lat' dir='ltr'>aliquot</span> <span class='ocrx_word' id='word_1_72' title='bbox 1373 1051 1473 1104; x_wconf 91' lang='lat' dir='ltr'>Latine</span> 
     </span>
     <span class='ocr_line' id='line_1_9' title="bbox 257 1131 1473 1204; baseline 0.001 -15"><span class='ocrx_word' id='word_1_73' title='bbox 257 1135 382 1190; x_wconf 88' lang='lat' dir='ltr'>reddidit</span> <span class='ocrx_word' id='word_1_74' title='bbox 406 1136 549 1204; x_wconf 90' lang='lat' dir='ltr'>ediditque</span> <span class='ocrx_word' id='word_1_75' title='bbox 571 1139 668 1190; x_wconf 90' lang='lat' dir='ltr'>noster</span> <span class='ocrx_word' id='word_1_76' title='bbox 686 1135 811 1190; x_wconf 90' lang='lat' dir='ltr'>Achilles</span> <span class='ocrx_word' id='word_1_77' title='bbox 830 1131 947 1190; x_wconf 82' lang='lat' dir='ltr'>Statius</span> <span class='ocrx_word' id='word_1_78' title='bbox 966 1133 1069 1203; x_wconf 86' lang='lat' dir='ltr'>dignae</span> <span class='ocrx_word' id='word_1_79' title='bbox 1087 1135 1247 1189; x_wconf 89' lang='lat' dir='ltr'>memoriae.</span> <span class='ocrx_word' id='word_1_80' title='bbox 1282 1136 1426 1189; x_wconf 86' lang='lat' dir='ltr'>Habemus</span> <span class='ocrx_word' id='word_1_81' title='bbox 1445 1141 1473 1190; x_wconf 89' lang='lat' dir='ltr'>et</span> 
     </span>
     <span class='ocr_line' id='line_1_10' title="bbox 258 1219 1473 1299; baseline 0 -23"><span class='ocrx_word' id='word_1_82' title='bbox 258 1222 286 1276; x_wconf 94' lang='lat' dir='ltr'>in</span> <span class='ocrx_word' id='word_1_83' title='bbox 305 1223 430 1277; x_wconf 90' lang='lat' dir='ltr'>eiusdem</span> <span class='ocrx_word' id='word_1_84' title='bbox 449 1221 623 1299; x_wconf 82' lang='lat' dir='ltr'>bibliotheca</span> <span class='ocrx_word' id='word_1_85' title='bbox 646 1221 749 1276; x_wconf 91' lang='lat' dir='ltr'>librum</span> <span class='ocrx_word' id='word_1_86' title='bbox 767 1221 943 1276; x_wconf 86' lang='lat' dir='ltr'>Pastoralem</span> <span class='ocrx_word' id='word_1_87' title='bbox 962 1219 989 1274; x_wconf 92' lang='lat' dir='ltr'>S.</span> <span class='ocrx_word' id='word_1_88' title='bbox 1008 1219 1139 1289; x_wconf 82' lang='lat' dir='ltr'>Gregorii</span> <span class='ocrx_word' id='word_1_89' title='bbox 1161 1220 1272 1290; x_wconf 88' lang='lat' dir='ltr'>Papae,</span> <span class='ocrx_word' id='word_1_90' title='bbox 1299 1237 1381 1290; x_wconf 87' lang='lat' dir='ltr'>quem</span> <span class='ocrx_word' id='word_1_91' title='bbox 1399 1223 1473 1276; x_wconf 90' lang='lat' dir='ltr'>idem</span> 
     </span>
     <span class='ocr_line' id='line_1_11' title="bbox 257 1305 1473 1380; baseline -0.001 -17"><span class='ocrx_word' id='word_1_92' title='bbox 257 1309 427 1364; x_wconf 88' lang='lat' dir='ltr'>Anastasius</span> <span class='ocrx_word' id='word_1_93' title='bbox 444 1310 473 1363; x_wconf 91' lang='lat' dir='ltr'>in</span> <span class='ocrx_word' id='word_1_94' title='bbox 492 1309 632 1364; x_wconf 86' lang='lat' dir='ltr'>Graecum</span> <span class='ocrx_word' id='word_1_95' title='bbox 651 1323 807 1363; x_wconf 88' lang='lat' dir='ltr'>sermonem</span> <span class='ocrx_word' id='word_1_96' title='bbox 821 1307 969 1380; x_wconf 86' lang='lat' dir='ltr'>¹transtulit</span> <span class='ocrx_word' id='word_1_97' title='bbox 987 1305 1070 1374; x_wconf 93' lang='lat' dir='ltr'>(Anu.</span> <span class='ocrx_word' id='word_1_98' title='bbox 1084 1321 1108 1361; x_wconf 92' lang='lat' dir='ltr'>a.</span> <span class='ocrx_word' id='word_1_99' title='bbox 1121 1307 1164 1361; x_wconf 95' lang='lat'>21.</span> <span class='ocrx_word' id='word_1_100' title='bbox 1182 1307 1293 1376; x_wconf 89' lang='lat' dir='ltr'>April).</span> <span class='ocrx_word' id='word_1_101' title='bbox 1312 1339 1345 1346; x_wconf 99' lang='lat'><em>-</em></span> <span class='ocrx_word' id='word_1_102' title='bbox 1364 1307 1391 1362; x_wconf 93' lang='lat' dir='ltr'>S.</span> <span class='ocrx_word' id='word_1_103' title='bbox 1405 1308 1473 1362; x_wconf 82' lang='lat' dir='ltr'>Gre-</span> 
     </span>
     <span class='ocr_line' id='line_1_12' title="bbox 224 1393 1473 1466; baseline 0.003 -20"><span class='ocrx_word' id='word_1_104' title='bbox 224 1395 225 1400; x_wconf 76' lang='grc'>’</span> <span class='ocrx_word' id='word_1_105' title='bbox 258 1393 331 1462; x_wconf 84' lang='lat' dir='ltr'>gorii</span> <span class='ocrx_word' id='word_1_106' title='bbox 350 1393 507 1449; x_wconf 83' lang='lat' dir='ltr'>iliberitani</span> <span class='ocrx_word' id='word_1_107' title='bbox 530 1395 746 1450; x_wconf 87' lang='lat' dir='ltr'>commentarios</span> <span class='ocrx_word' id='word_1_108' title='bbox 765 1395 840 1448; x_wconf 92' lang='lat' dir='ltr'>carie</span> <span class='ocrx_word' id='word_1_109' title='bbox 859 1393 981 1463; x_wconf 90' lang='lat' dir='ltr'>obsitos,</span> <span class='ocrx_word' id='word_1_110' title='bbox 1010 1393 1155 1449; x_wconf 87' lang='lat' dir='ltr'>oblivione</span> <span class='ocrx_word' id='word_1_111' title='bbox 1174 1395 1291 1456; x_wconf 87' lang='lat' dir='ltr'>obrutos</span> <span class='ocrx_word' id='word_1_112' title='bbox 1309 1396 1473 1466; x_wconf 88' lang='lat' dir='ltr'>mendisque</span> 
     </span>
     <span class='ocr_line' id='line_1_13' title="bbox 258 1475 1474 1552; baseline 0.002 -19"><span class='ocrx_word' id='word_1_113' title='bbox 258 1480 448 1536; x_wconf 89' lang='lat' dir='ltr'>labefactatos</span> <span class='ocrx_word' id='word_1_114' title='bbox 469 1483 606 1552; x_wconf 89' lang='lat' dir='ltr'>purgavit</span> <span class='ocrx_word' id='word_1_115' title='bbox 629 1483 772 1551; x_wconf 86' lang='lat' dir='ltr'>ediditque</span> <span class='ocrx_word' id='word_1_116' title='bbox 794 1485 892 1534; x_wconf 90' lang='lat' dir='ltr'>noster</span> <span class='ocrx_word' id='word_1_117' title='bbox 909 1480 1036 1534; x_wconf 89' lang='lat' dir='ltr'>Achilles</span> <span class='ocrx_word' id='word_1_118' title='bbox 1056 1475 1174 1536; x_wconf 77' lang='lat' dir='ltr'>Statius</span> <span class='ocrx_word' id='word_1_119' title='bbox 1196 1481 1348 1536; x_wconf 89' lang='lat' dir='ltr'>laudabilis</span> <span class='ocrx_word' id='word_1_120' title='bbox 1371 1497 1474 1536; x_wconf 89' lang='lat' dir='ltr'>memo·</span> 
     </span>
     <span class='ocr_line' id='line_1_14' title="bbox 259 1566 1474 1638; baseline 0.004 -19"><span class='ocrx_word' id='word_1_121' title='bbox 259 1566 327 1620; x_wconf 90' lang='lat' dir='ltr'>riae.</span> <span class='ocrx_word' id='word_1_122' title='bbox 364 1566 447 1635; x_wconf 87' lang='lat' dir='ltr'>(Ann.</span> <span class='ocrx_word' id='word_1_123' title='bbox 467 1583 492 1622; x_wconf 89' lang='lat' dir='ltr'>a.</span> <span class='ocrx_word' id='word_1_124' title='bbox 506 1568 552 1632; x_wconf 85' lang='lat'>24.</span> <span class='ocrx_word' id='word_1_125' title='bbox 570 1567 672 1638; x_wconf 88' lang='lat' dir='ltr'>April.)</span> <span class='ocrx_word' id='word_1_126' title='bbox 691 1599 724 1606; x_wconf 96' lang='lat'>-</span> <span class='ocrx_word' id='word_1_127' title='bbox 742 1567 888 1622; x_wconf 86' lang='lat' dir='ltr'>Pachumii</span> <span class='ocrx_word' id='word_1_128' title='bbox 906 1567 1021 1636; x_wconf 88' lang='lat' dir='ltr'>regulas</span> <span class='ocrx_word' id='word_1_129' title='bbox 1039 1567 1218 1637; x_wconf 82' lang='lat' dir='ltr'>Aegyptiace</span> <span class='ocrx_word' id='word_1_130' title='bbox 1240 1570 1361 1638; x_wconf 90' lang='lat' dir='ltr'>scriptas</span> <span class='ocrx_word' id='word_1_131' title='bbox 1382 1573 1474 1624; x_wconf 72' lang='lat' dir='ltr'>trane</span> 
     </span>
     <span class='ocr_line' id='line_1_15' title="bbox 260 1651 1476 1725; baseline 0.005 -21"><span class='ocrx_word' id='word_1_132' title='bbox 260 1651 335 1704; x_wconf 85' lang='lat' dir='ltr'>latas</span> <span class='ocrx_word' id='word_1_133' title='bbox 352 1651 381 1706; x_wconf 91' lang='lat' dir='ltr'>in</span> <span class='ocrx_word' id='word_1_134' title='bbox 394 1652 534 1709; x_wconf 83' lang='lat' dir='ltr'>Graecum</span> <span class='ocrx_word' id='word_1_135' title='bbox 551 1655 652 1710; x_wconf 85' lang='lat' dir='ltr'>Latine</span> <span class='ocrx_word' id='word_1_136' title='bbox 669 1654 793 1708; x_wconf 87' lang='lat' dir='ltr'>reddidit</span> <span class='ocrx_word' id='word_1_137' title='bbox 804 1653 832 1708; x_wconf 90' lang='lat' dir='ltr'>S.</span> <span class='ocrx_word' id='word_1_138' title='bbox 844 1654 1068 1723; x_wconf 86' lang='lat' dir='ltr'>Hieronymus..</span> <span class='ocrx_word' id='word_1_139' title='bbox 1086 1655 1208 1709; x_wconf 89' lang='lat' dir='ltr'>Easdem</span> <span class='ocrx_word' id='word_1_140' title='bbox 1227 1656 1361 1725; x_wconf 89' lang='lat' dir='ltr'>temporis</span> <span class='ocrx_word' id='word_1_141' title='bbox 1374 1660 1476 1722; x_wconf 45' lang='lat' dir='ltr'>,vetris-</span> 
     </span>
    </p>
   </div>
   <div class='ocr_carea' id='block_1_3' title="bbox 165 1741 1473 1813">
    <p class='ocr_par' dir='ltr' id='par_1_3' title="bbox 165 1741 1473 1813">
     <span class='ocr_line' id='line_1_16' title="bbox 165 1741 1473 1813; baseline 0.005 -23"><span class='ocrx_word' id='word_1_142' title='bbox 165 1756 168 1764; x_wconf 92' lang='lat'>·</span> <span class='ocrx_word' id='word_1_143' title='bbox 260 1741 319 1792; x_wconf 90' lang='lat' dir='ltr'>tate</span> <span class='ocrx_word' id='word_1_144' title='bbox 342 1753 415 1806; x_wconf 90' lang='lat' dir='ltr'>pene</span> <span class='ocrx_word' id='word_1_145' title='bbox 445 1741 581 1813; x_wconf 89' lang='lat' dir='ltr'>abolitas,</span> <span class='ocrx_word' id='word_1_146' title='bbox 608 1741 716 1798; x_wconf 89' lang='lat' dir='ltr'>mendis</span> <span class='ocrx_word' id='word_1_147' title='bbox 738 1746 876 1810; x_wconf 87' lang='lat' dir='ltr'>purgatas</span> <span class='ocrx_word' id='word_1_148' title='bbox 900 1757 935 1794; x_wconf 92' lang='lat' dir='ltr'>ac</span> <span class='ocrx_word' id='word_1_149' title='bbox 952 1741 1100 1796; x_wconf 89' lang='lat' dir='ltr'>rest&#39;tutas</span> <span class='ocrx_word' id='word_1_150' title='bbox 1119 1742 1208 1796; x_wconf 92' lang='lat' dir='ltr'>edidit</span> <span class='ocrx_word' id='word_1_151' title='bbox 1230 1746 1328 1796; x_wconf 87' lang='lat' dir='ltr'>noster</span> <span class='ocrx_word' id='word_1_152' title='bbox 1345 1741 1473 1796; x_wconf 92' lang='lat' dir='ltr'>Achilles</span> 
     </span>
    </p>
   </div>
   <div class='ocr_carea' id='block_1_4' title="bbox 260 1821 1474 2071">
    <p class='ocr_par' dir='ltr' id='par_1_4' title="bbox 260 1821 1474 2071">
     <span class='ocr_line' id='line_1_17' title="bbox 261 1821 1474 1899; baseline 0.005 -21"><span class='ocrx_word' id='word_1_153' title='bbox 261 1821 390 1896; x_wconf 78' lang='lat' dir='ltr'>Statius,</span> <span class='ocrx_word' id='word_1_154' title='bbox 417 1827 462 1880; x_wconf 87' lang='lat' dir='ltr'>vir</span> <span class='ocrx_word' id='word_1_155' title='bbox 484 1828 628 1896; x_wconf 88' lang='lat' dir='ltr'>probitate</span> <span class='ocrx_word' id='word_1_156' title='bbox 647 1833 675 1884; x_wconf 91' lang='lat' dir='ltr'>et</span> <span class='ocrx_word' id='word_1_157' title='bbox 694 1829 851 1883; x_wconf 86' lang='lat' dir='ltr'>eruditione</span> <span class='ocrx_word' id='word_1_158' title='bbox 874 1827 1006 1898; x_wconf 83' lang='lat' dir='ltr'>insignis,</span> <span class='ocrx_word' id='word_1_159' title='bbox 1034 1844 1120 1899; x_wconf 91' lang='lat' dir='ltr'>quas,</span> <span class='ocrx_word' id='word_1_160' title='bbox 1146 1833 1178 1884; x_wconf 92' lang='lat' dir='ltr'>ut</span> <span class='ocrx_word' id='word_1_161' title='bbox 1200 1829 1295 1885; x_wconf 90' lang='lat' dir='ltr'>nobile</span> <span class='ocrx_word' id='word_1_162' title='bbox 1320 1829 1474 1884; x_wconf 90' lang='lat' dir='ltr'>vetustatis</span> 
     </span>
     <span class='ocr_line' id='line_1_18' title="bbox 260 1915 1474 1986; baseline 0.007 -24"><span class='ocrx_word' id='word_1_163' title='bbox 260 1917 481 1985; x_wconf 88' lang='lat' dir='ltr'>monumentum,</span> <span class='ocrx_word' id='word_1_164' title='bbox 499 1915 596 1984; x_wconf 89' lang='lat' dir='ltr'>posuit</span> <span class='ocrx_word' id='word_1_165' title='bbox 613 1916 641 1968; x_wconf 93' lang='lat' dir='ltr'>in</span> <span class='ocrx_word' id='word_1_166' title='bbox 660 1915 817 1984; x_wconf 89' lang='lat' dir='ltr'>appendice</span> <span class='ocrx_word' id='word_1_167' title='bbox 836 1915 880 1968; x_wconf 88' lang='lat' dir='ltr'>sui</span> <span class='ocrx_word' id='word_1_168' title='bbox 898 1915 1039 1986; x_wconf 77' lang='lat' dir='ltr'>Cassiani,</span> <span class='ocrx_word' id='word_1_169' title='bbox 1066 1931 1149 1984; x_wconf 91' lang='lat' dir='ltr'>quem</span> <span class='ocrx_word' id='word_1_170' title='bbox 1167 1932 1275 1971; x_wconf 87' lang='lat' dir='ltr'>summo</span> <span class='ocrx_word' id='word_1_171' title='bbox 1295 1931 1357 1970; x_wconf 91' lang='lat' dir='ltr'>cum</span> <span class='ocrx_word' id='word_1_172' title='bbox 1375 1915 1474 1970; x_wconf 90' lang='lat' dir='ltr'>labore</span> 
     </span>
     <span class='ocr_line' id='line_1_19' title="bbox 260 1998 1473 2071; baseline 0.003 -20"><span class='ocrx_word' id='word_1_173' title='bbox 260 1998 385 2052; x_wconf 88' lang='lat' dir='ltr'>restituit</span> <span class='ocrx_word' id='word_1_174' title='bbox 400 2001 611 2071; x_wconf 88' lang='lat' dir='ltr'>illustravitque</span> <span class='ocrx_word' id='word_1_175' title='bbox 630 2003 748 2058; x_wconf 89' lang='lat' dir='ltr'>eruditis</span> <span class='ocrx_word' id='word_1_176' title='bbox 767 2002 998 2057; x_wconf 88' lang='lat' dir='ltr'>annotationibus</span> <span class='ocrx_word' id='word_1_177' title='bbox 1016 2002 1051 2057; x_wconf 88' lang='lat' dir='ltr'>D.</span> <span class='ocrx_word' id='word_1_178' title='bbox 1069 2003 1171 2057; x_wconf 89' lang='lat' dir='ltr'>Petrus</span> <span class='ocrx_word' id='word_1_179' title='bbox 1195 1999 1352 2060; x_wconf 81' lang='lat' dir='ltr'>Oiaconas.</span> <span class='ocrx_word' id='word_1_180' title='bbox 1390 2002 1473 2070; x_wconf 92' lang='lat' dir='ltr'>(Ann.</span> 
     </span>
    </p>
   </div>
   <div class='ocr_carea' id='block_1_5' title="bbox 261 2084 1565 2168">
    <p class='ocr_par' dir='ltr' id='par_1_5' title="bbox 261 2084 1565 2168">
     <span class='ocr_line' id='line_1_20' title="bbox 261 2084 1565 2168; baseline 0.005 -31"><span class='ocrx_word' id='word_1_181' title='bbox 261 2099 286 2138; x_wconf 91' lang='lat' dir='ltr'>a.</span> <span class='ocrx_word' id='word_1_182' title='bbox 305 2084 347 2140; x_wconf 90' lang='lat'>14.</span> <span class='ocrx_word' id='word_1_183' title='bbox 364 2087 450 2156; x_wconf 90' lang='lat' dir='ltr'>Maii.)</span> <span class='ocrx_word' id='word_1_184' title='bbox 468 2119 502 2127; x_wconf 96' lang='lat'>-</span> <span class='ocrx_word' id='word_1_185' title='bbox 526 2089 608 2144; x_wconf 91' lang='lat' dir='ltr'>Duae</span> <span class='ocrx_word' id='word_1_186' title='bbox 626 2089 741 2158; x_wconf 89' lang='lat' dir='ltr'>insuper</span> <span class='ocrx_word' id='word_1_187' title='bbox 759 2089 898 2157; x_wconf 86' lang='lat' dir='ltr'>epistolae</span> <span class='ocrx_word' id='word_1_188' title='bbox 917 2087 945 2143; x_wconf 91' lang='lat' dir='ltr'>S.</span> <span class='ocrx_word' id='word_1_189' title='bbox 963 2089 1076 2143; x_wconf 90' lang='lat' dir='ltr'>Martini</span> <span class='ocrx_word' id='word_1_190' title='bbox 1093 2089 1122 2142; x_wconf 93' lang='lat' dir='ltr'>in</span> <span class='ocrx_word' id='word_1_191' title='bbox 1141 2088 1317 2143; x_wconf 84' lang='lat' dir='ltr'>Chersoneso</span> <span class='ocrx_word' id='word_1_192' title='bbox 1336 2089 1422 2157; x_wconf 90' lang='lat' dir='ltr'>positi</span> <span class='ocrx_word' id='word_1_193' title='bbox 1441 2129 1474 2142; x_wconf 93' lang='lat'>..</span> <span class='ocrx_word' id='word_1_194' title='bbox 1521 2103 1525 2111; x_wconf 91' lang='grc'>’</span> <span class='ocrx_word' id='word_1_195' title='bbox 1562 2155 1565 2168; x_wconf 15' lang='grc' dir='ltr'>ἡ</span> 
     </span>
    </p>
   </div>
   <div class='ocr_carea' id='block_1_6' title="bbox 212 2171 1508 4502">
    <p class='ocr_par' dir='ltr' id='par_1_6' title="bbox 260 2171 1476 2505">
     <span class='ocr_line' id='line_1_21' title="bbox 260 2171 1476 2234; baseline 0.002 -9"><span class='ocrx_word' id='word_1_196' title='bbox 260 2171 404 2227; x_wconf 89' lang='lat' dir='ltr'>Habemus</span> <span class='ocrx_word' id='word_1_197' title='bbox 427 2189 483 2234; x_wconf 65' lang='lat' dir='ltr'>eas,</span> <span class='ocrx_word' id='word_1_198' title='bbox 499 2191 595 2230; x_wconf 87' lang='lat' dir='ltr'>omnes</span> <span class='ocrx_word' id='word_1_199' title='bbox 616 2177 646 2229; x_wconf 93' lang='lat' dir='ltr'>in</span> <span class='ocrx_word' id='word_1_200' title='bbox 663 2176 855 2231; x_wconf 89' lang='lat' dir='ltr'>vetustissimo</span> <span class='ocrx_word' id='word_1_201' title='bbox 884 2176 983 2231; x_wconf 90' lang='lat' dir='ltr'>codice</span> <span class='ocrx_word' id='word_1_202' title='bbox 1009 2179 1125 2230; x_wconf 90' lang='lat' dir='ltr'>nostrae</span> <span class='ocrx_word' id='word_1_203' title='bbox 1150 2173 1340 2230; x_wconf 91' lang='lat' dir='ltr'>bibliothecae</span> <span class='ocrx_word' id='word_1_204' title='bbox 1359 2215 1366 2229; x_wconf 92' lang='lat'>.</span> <span class='ocrx_word' id='word_1_205' title='bbox 1385 2215 1391 2228; x_wconf 97' lang='lat'>.</span> <span class='ocrx_word' id='word_1_206' title='bbox 1410 2178 1476 2228; x_wconf 91' lang='lat' dir='ltr'>sunt</span> 
     </span>
     <span class='ocr_line' id='line_1_22' title="bbox 261 2257 1474 2333; baseline 0.002 -21"><span class='ocrx_word' id='word_1_207' title='bbox 261 2257 342 2312; x_wconf 91' lang='lat' dir='ltr'>nobis</span> <span class='ocrx_word' id='word_1_208' title='bbox 367 2261 469 2328; x_wconf 84' lang='lat' dir='ltr'>quovis</span> <span class='ocrx_word' id='word_1_209' title='bbox 491 2261 626 2318; x_wconf 88' lang='lat' dir='ltr'>thesauro</span> <span class='ocrx_word' id='word_1_210' title='bbox 654 2263 791 2333; x_wconf 81' lang='lat' dir='ltr'>cariores3</span> <span class='ocrx_word' id='word_1_211' title='bbox 807 2263 897 2318; x_wconf 83' lang='lat' dir='ltr'>unde</span> <span class='ocrx_word' id='word_1_212' title='bbox 918 2263 991 2318; x_wconf 91' lang='lat' dir='ltr'>bene</span> <span class='ocrx_word' id='word_1_213' title='bbox 1017 2277 1167 2332; x_wconf 89' lang='lat' dir='ltr'>precamur</span> <span class='ocrx_word' id='word_1_214' title='bbox 1193 2261 1297 2330; x_wconf 84' lang='lat' dir='ltr'>dignae</span> <span class='ocrx_word' id='word_1_215' title='bbox 1323 2261 1474 2315; x_wconf 89' lang='lat' dir='ltr'>memoriae</span> 
     </span>
     <span class='ocr_line' id='line_1_23' title="bbox 260 2344 1474 2418; baseline -0.001 -16"><span class='ocrx_word' id='word_1_216' title='bbox 260 2346 379 2402; x_wconf 88' lang='lat' dir='ltr'>Achillis</span> <span class='ocrx_word' id='word_1_217' title='bbox 406 2344 514 2414; x_wconf 82' lang='lat' dir='ltr'>Statii,</span> <span class='ocrx_word' id='word_1_218' title='bbox 546 2349 594 2418; x_wconf 91' lang='lat' dir='ltr'>qui</span> <span class='ocrx_word' id='word_1_219' title='bbox 615 2349 711 2418; x_wconf 86' lang='lat' dir='ltr'>legata</span> <span class='ocrx_word' id='word_1_220' title='bbox 734 2349 816 2404; x_wconf 89' lang='lat' dir='ltr'>nobis</span> <span class='ocrx_word' id='word_1_221' title='bbox 839 2365 891 2404; x_wconf 90' lang='lat' dir='ltr'>sua</span> <span class='ocrx_word' id='word_1_222' title='bbox 914 2347 1102 2418; x_wconf 88' lang='lat' dir='ltr'>bibliotheca,</span> <span class='ocrx_word' id='word_1_223' title='bbox 1131 2351 1189 2402; x_wconf 90' lang='lat' dir='ltr'>tam</span> <span class='ocrx_word' id='word_1_224' title='bbox 1212 2347 1334 2416; x_wconf 83' lang='lat' dir='ltr'>insignia</span> <span class='ocrx_word' id='word_1_225' title='bbox 1358 2348 1474 2416; x_wconf 89' lang='lat' dir='ltr'>reliquit</span> 
     </span>
     <span class='ocr_line' id='line_1_24' title="bbox 260 2433 980 2505; baseline 0 -17"><span class='ocrx_word' id='word_1_226' title='bbox 260 2434 412 2488; x_wconf 85' lang='lat' dir='ltr'>vetustatis</span> <span class='ocrx_word' id='word_1_227' title='bbox 430 2439 618 2489; x_wconf 90' lang='lat' dir='ltr'>monumenta.</span> <span class='ocrx_word' id='word_1_228' title='bbox 654 2436 737 2505; x_wconf 89' lang='lat' dir='ltr'>(Ann.</span> <span class='ocrx_word' id='word_1_229' title='bbox 748 2451 781 2494; x_wconf 68' lang='lat' dir='ltr'>..a</span> <span class='ocrx_word' id='word_1_230' title='bbox 802 2436 842 2490; x_wconf 90' lang='lat'>12.</span> <span class='ocrx_word' id='word_1_231' title='bbox 861 2433 980 2503; x_wconf 87' lang='lat' dir='ltr'>Novhr.)</span> 
     </span>
    </p>

    <p class='ocr_par' dir='ltr' id='par_1_7' title="bbox 260 2516 1476 2764">
     <span class='ocr_line' id='line_1_25' title="bbox 367 2516 1475 2589; baseline -0.004 -13"><span class='ocrx_word' id='word_1_232' title='bbox 367 2519 387 2589; x_wconf 86' lang='lat'>³)</span> <span class='ocrx_word' id='word_1_233' title='bbox 409 2516 481 2576; x_wconf 76' lang='lat' dir='ltr'>Oct.</span> <span class='ocrx_word' id='word_1_234' title='bbox 510 2519 934 2577; x_wconf 80' lang='lat' dir='ltr'>Vatticelt.0.28t1-131:</span> <span class='ocrx_word' id='word_1_235' title='bbox 962 2521 1052 2576; x_wconf 82' lang='lat' dir='ltr'>Index</span> <span class='ocrx_word' id='word_1_236' title='bbox 1076 2519 1315 2576; x_wconf 87' lang='lat' dir='ltr'>Graeco-latinus</span> <span class='ocrx_word' id='word_1_237' title='bbox 1339 2520 1475 2574; x_wconf 88' lang='lat' dir='ltr'>librorum</span> 
     </span>
     <span class='ocr_line' id='line_1_26' title="bbox 261 2605 1476 2677; baseline 0.001 -16"><span class='ocrx_word' id='word_1_238' title='bbox 261 2607 309 2676; x_wconf 92' lang='lat' dir='ltr'>qui</span> <span class='ocrx_word' id='word_1_239' title='bbox 334 2607 550 2677; x_wconf 89' lang='lat' dir='ltr'>reperiebantur</span> <span class='ocrx_word' id='word_1_240' title='bbox 576 2625 658 2664; x_wconf 90' lang='lat' dir='ltr'>mscr.</span> <span class='ocrx_word' id='word_1_241' title='bbox 683 2610 712 2663; x_wconf 94' lang='lat' dir='ltr'>in</span> <span class='ocrx_word' id='word_1_242' title='bbox 737 2609 912 2665; x_wconf 88' lang='lat' dir='ltr'>bibliotheca</span> <span class='ocrx_word' id='word_1_243' title='bbox 939 2609 1022 2664; x_wconf 84' lang='lat' dir='ltr'>Card.</span> <span class='ocrx_word' id='word_1_244' title='bbox 1051 2605 1165 2664; x_wconf 77' lang='lat' dir='ltr'>Stricti.</span> <span class='ocrx_word' id='word_1_245' title='bbox 1201 2606 1257 2662; x_wconf 82' lang='lat' dir='ltr'>Cir.</span> <span class='ocrx_word' id='word_1_246' title='bbox 1280 2623 1316 2661; x_wconf 90' lang='lat' dir='ltr'>m.</span> <span class='ocrx_word' id='word_1_247' title='bbox 1339 2607 1476 2662; x_wconf 89' lang='lat' dir='ltr'>Mantissa</span> 
     </span>
     <span class='ocr_line' id='line_1_27' title="bbox 260 2694 416 2764; baseline 0 -15"><span class='ocrx_word' id='word_1_248' title='bbox 260 2712 288 2764; x_wconf 90' lang='lat' dir='ltr'>p.</span> <span class='ocrx_word' id='word_1_249' title='bbox 305 2694 357 2749; x_wconf 83' lang='lat'>343</span> <span class='ocrx_word' id='word_1_250' title='bbox 376 2710 416 2764; x_wconf 91' lang='lat' dir='ltr'>sq.</span> 
     </span>
    </p>

    <p class='ocr_par' dir='ltr' id='par_1_8' title="bbox 253 2778 1478 3284">
     <span class='ocr_line' id='line_1_28' title="bbox 366 2778 1477 2850; baseline 0.001 -15"><span class='ocrx_word' id='word_1_251' title='bbox 366 2782 386 2850; x_wconf 85' lang='lat'>⁴)</span> <span class='ocrx_word' id='word_1_252' title='bbox 405 2781 452 2836; x_wconf 92' lang='lat' dir='ltr'>Ad</span> <span class='ocrx_word' id='word_1_253' title='bbox 472 2782 593 2837; x_wconf 89' lang='lat' dir='ltr'>cundem</span> <span class='ocrx_word' id='word_1_254' title='bbox 620 2778 793 2836; x_wconf 78' lang='lat' dir='ltr'>Maeotium</span> <span class='ocrx_word' id='word_1_255' title='bbox 819 2783 927 2850; x_wconf 88' lang='lat' dir='ltr'>pariter</span> <span class='ocrx_word' id='word_1_256' title='bbox 949 2783 978 2836; x_wconf 92' lang='lat' dir='ltr'>in</span> <span class='ocrx_word' id='word_1_257' title='bbox 1000 2783 1073 2837; x_wconf 92' lang='lat' dir='ltr'>Ann.</span> <span class='ocrx_word' id='word_1_258' title='bbox 1097 2795 1123 2834; x_wconf 92' lang='lat' dir='ltr'>a.</span> <span class='ocrx_word' id='word_1_259' title='bbox 1142 2780 1183 2835; x_wconf 89' lang='grc'>14.</span> <span class='ocrx_word' id='word_1_260' title='bbox 1212 2781 1271 2848; x_wconf 92' lang='lat' dir='ltr'>(ubi</span> <span class='ocrx_word' id='word_1_261' title='bbox 1291 2783 1326 2836; x_wconf 89' lang='lat' dir='ltr'>de</span> <span class='ocrx_word' id='word_1_262' title='bbox 1346 2781 1477 2836; x_wconf 87' lang='lat' dir='ltr'>custodia</span> 
     </span>
     <span class='ocr_line' id='line_1_29' title="bbox 259 2861 1476 2938; baseline -0.002 -15"><span class='ocrx_word' id='word_1_263' title='bbox 259 2861 416 2924; x_wconf 89' lang='lat' dir='ltr'>Mamertini</span> <span class='ocrx_word' id='word_1_264' title='bbox 434 2869 571 2938; x_wconf 88' lang='lat' dir='ltr'>loquitur)</span> <span class='ocrx_word' id='word_1_265' title='bbox 595 2871 623 2922; x_wconf 92' lang='lat' dir='ltr'>et</span> <span class='ocrx_word' id='word_1_266' title='bbox 640 2868 682 2922; x_wconf 91' lang='lat'>24.</span> <span class='ocrx_word' id='word_1_267' title='bbox 701 2869 781 2922; x_wconf 91' lang='lat' dir='ltr'>Mart.</span> <span class='ocrx_word' id='word_1_268' title='bbox 793 2862 853 2936; x_wconf 69' lang='lat' dir='ltr'>&#39;(de</span> <span class='ocrx_word' id='word_1_269' title='bbox 870 2867 898 2923; x_wconf 92' lang='lat' dir='ltr'>S.</span> <span class='ocrx_word' id='word_1_270' title='bbox 917 2867 1011 2922; x_wconf 90' lang='lat' dir='ltr'>Latini</span> <span class='ocrx_word' id='word_1_271' title='bbox 1032 2866 1168 2936; x_wconf 88' lang='lat' dir='ltr'>Episcopi</span> <span class='ocrx_word' id='word_1_272' title='bbox 1189 2867 1316 2922; x_wconf 87' lang='lat' dir='ltr'>Brixiani</span> <span class='ocrx_word' id='word_1_273' title='bbox 1343 2867 1476 2921; x_wconf 88' lang='lat' dir='ltr'>ecclesia-</span> 
     </span>
     <span class='ocr_line' id='line_1_30' title="bbox 261 2952 1476 3024; baseline -0.003 -15"><span class='ocrx_word' id='word_1_274' title='bbox 261 2955 339 3010; x_wconf 91' lang='lat' dir='ltr'>sticis</span> <span class='ocrx_word' id='word_1_275' title='bbox 356 2954 559 3023; x_wconf 85' lang='lat' dir='ltr'>functionibus)</span> <span class='ocrx_word' id='word_1_276' title='bbox 579 2971 613 3009; x_wconf 90' lang='lat' dir='ltr'>ac</span> <span class='ocrx_word' id='word_1_277' title='bbox 631 2956 655 3008; x_wconf 84' lang='lat'>9.</span> <span class='ocrx_word' id='word_1_278' title='bbox 668 2954 726 3008; x_wconf 84' lang='lat' dir='ltr'>Jul.</span> <span class='ocrx_word' id='word_1_279' title='bbox 745 2954 860 3022; x_wconf 88' lang='lat' dir='ltr'>(decret.</span> <span class='ocrx_word' id='word_1_280' title='bbox 879 2953 1018 3008; x_wconf 90' lang='lat' dir='ltr'>Desiderii</span> <span class='ocrx_word' id='word_1_281' title='bbox 1036 2954 1113 3023; x_wconf 85' lang='lat' dir='ltr'>regis</span> <span class='ocrx_word' id='word_1_282' title='bbox 1131 2953 1324 3024; x_wconf 80' lang='lat' dir='ltr'>Longobard.)</span> <span class='ocrx_word' id='word_1_283' title='bbox 1343 2952 1476 3024; x_wconf 81' lang='lat' dir='ltr'>recurrit3</span> 
     </span>
     <span class='ocr_line' id='line_1_31' title="bbox 262 3039 1478 3110; baseline -0.004 -14"><span class='ocrx_word' id='word_1_284' title='bbox 262 3043 300 3096; x_wconf 91' lang='lat' dir='ltr'>ad</span> <span class='ocrx_word' id='word_1_285' title='bbox 329 3039 497 3096; x_wconf 83' lang='lat' dir='ltr'>Jaaaotum</span> <span class='ocrx_word' id='word_1_286' title='bbox 524 3044 787 3110; x_wconf 8' lang='lat' dir='ltr'>autemgprovocat</span> <span class='ocrx_word' id='word_1_287' title='bbox 808 3041 837 3094; x_wconf 94' lang='lat' dir='ltr'>in</span> <span class='ocrx_word' id='word_1_288' title='bbox 860 3039 934 3095; x_wconf 89' lang='lat' dir='ltr'>Anu.</span> <span class='ocrx_word' id='word_1_289' title='bbox 957 3057 982 3094; x_wconf 91' lang='lat' dir='ltr'>a.</span> <span class='ocrx_word' id='word_1_290' title='bbox 1004 3041 1046 3094; x_wconf 88' lang='lat'>23.</span> <span class='ocrx_word' id='word_1_291' title='bbox 1064 3040 1130 3094; x_wconf 91' lang='lat' dir='ltr'>Maii</span> <span class='ocrx_word' id='word_1_292' title='bbox 1158 3039 1238 3110; x_wconf 86' lang='lat' dir='ltr'>(Agit</span> <span class='ocrx_word' id='word_1_293' title='bbox 1259 3040 1295 3094; x_wconf 91' lang='lat' dir='ltr'>de</span> <span class='ocrx_word' id='word_1_294' title='bbox 1318 3039 1478 3092; x_wconf 88' lang='lat' dir='ltr'>Mercuriali</span> 
     </span>
     <span class='ocr_line' id='line_1_32' title="bbox 261 3125 1477 3198; baseline -0.004 -14"><span class='ocrx_word' id='word_1_295' title='bbox 261 3130 398 3198; x_wconf 89' lang='lat' dir='ltr'>episcopo</span> <span class='ocrx_word' id='word_1_296' title='bbox 424 3129 546 3183; x_wconf 89' lang='lat' dir='ltr'>Limensi</span> <span class='ocrx_word' id='word_1_297' title='bbox 570 3129 672 3182; x_wconf 88' lang='lat' dir='ltr'>Petrus</span> <span class='ocrx_word' id='word_1_298' title='bbox 694 3128 722 3181; x_wconf 91' lang='lat' dir='ltr'>in</span> <span class='ocrx_word' id='word_1_299' title='bbox 747 3127 830 3182; x_wconf 87' lang='lat' dir='ltr'>catal.</span> <span class='ocrx_word' id='word_1_300' title='bbox 852 3126 901 3181; x_wconf 91' lang='lat' dir='ltr'>lib.</span> <span class='ocrx_word' id='word_1_301' title='bbox 920 3128 953 3181; x_wconf 91' lang='lat'>10</span> <span class='ocrx_word' id='word_1_302' title='bbox 976 3143 999 3181; x_wconf 89' lang='lat' dir='ltr'>c.</span> <span class='ocrx_word' id='word_1_303' title='bbox 1019 3127 1077 3181; x_wconf 79' lang='lat'>107.</span> <span class='ocrx_word' id='word_1_304' title='bbox 1114 3125 1171 3182; x_wconf 86' lang='lat' dir='ltr'>Sed</span> <span class='ocrx_word' id='word_1_305' title='bbox 1194 3127 1351 3196; x_wconf 87' lang='lat' dir='ltr'>depravate</span> <span class='ocrx_word' id='word_1_306' title='bbox 1372 3125 1477 3194; x_wconf 86' lang='lat' dir='ltr'>legitur</span> 
     </span>
     <span class='ocr_line' id='line_1_33' title="bbox 253 3205 1476 3284; baseline -0.002 -16"><span class='ocrx_word' id='word_1_307' title='bbox 253 3205 394 3271; x_wconf 58' lang='lat' dir='ltr'>,Limensi&#39;</span> <span class='ocrx_word' id='word_1_308' title='bbox 413 3232 465 3284; x_wconf 89' lang='lat' dir='ltr'>pro</span> <span class='ocrx_word' id='word_1_309' title='bbox 495 3215 632 3270; x_wconf 89' lang='lat' dir='ltr'>Liviensi:</span> <span class='ocrx_word' id='word_1_310' title='bbox 668 3230 733 3268; x_wconf 91' lang='lat' dir='ltr'>nam</span> <span class='ocrx_word' id='word_1_311' title='bbox 765 3217 876 3268; x_wconf 89' lang='lat' dir='ltr'>constat</span> <span class='ocrx_word' id='word_1_312' title='bbox 910 3212 998 3268; x_wconf 84' lang='lat' dir='ltr'>fuisse</span> <span class='ocrx_word' id='word_1_313' title='bbox 1032 3213 1205 3284; x_wconf 87' lang='lat' dir='ltr'>Episcopum</span> <span class='ocrx_word' id='word_1_314' title='bbox 1240 3213 1476 3283; x_wconf 83' lang='lat' dir='ltr'>Forcliviensem3</span> 
     </span>
    </p>

    <p class='ocr_par' dir='ltr' id='par_1_9' title="bbox 262 3299 1477 3372">
     <span class='ocr_line' id='line_1_34' title="bbox 262 3299 1477 3372; baseline -0.004 -15"><span class='ocrx_word' id='word_1_315' title='bbox 262 3303 399 3372; x_wconf 90' lang='lat' dir='ltr'>siquidem</span> <span class='ocrx_word' id='word_1_316' title='bbox 426 3317 500 3358; x_wconf 91' lang='lat' dir='ltr'>anno</span> <span class='ocrx_word' id='word_1_317' title='bbox 523 3303 636 3356; x_wconf 92' lang='lat' dir='ltr'>Domini</span> <span class='ocrx_word' id='word_1_318' title='bbox 659 3302 726 3356; x_wconf 82' lang='grc'><strong>1576</strong></span> <span class='ocrx_word' id='word_1_319' title='bbox 744 3302 778 3355; x_wconf 87' lang='lat' dir='ltr'>R.</span> <span class='ocrx_word' id='word_1_320' title='bbox 795 3301 830 3355; x_wconf 95' lang='lat' dir='ltr'>D.</span> <span class='ocrx_word' id='word_1_321' title='bbox 853 3300 994 3355; x_wconf 88' lang='lat' dir='ltr'>Antonius</span> <span class='ocrx_word' id='word_1_322' title='bbox 1017 3301 1159 3356; x_wconf 80' lang='lat' dir='ltr'>dannotus</span> <span class='ocrx_word' id='word_1_323' title='bbox 1183 3301 1387 3356; x_wconf 79' lang='lat' dir='ltr'>Poroliviensis</span> <span class='ocrx_word' id='word_1_324' title='bbox 1410 3299 1477 3368; x_wconf 89' lang='lat' dir='ltr'>Epi·</span> 
     </span>
    </p>

    <p class='ocr_par' dir='ltr' id='par_1_10' title="bbox 212 3375 1508 3896">
     <span class='ocr_line' id='line_1_35' title="bbox 212 3375 1477 3459; baseline -0.005 -15"><span class='ocrx_word' id='word_1_325' title='bbox 212 3375 215 3383; x_wconf 23' lang='grc' dir='ltr'><strong><em>Δ</em></strong></span> <span class='ocrx_word' id='word_1_326' title='bbox 262 3405 366 3459; x_wconf 90' lang='lat' dir='ltr'>scopus</span> <span class='ocrx_word' id='word_1_327' title='bbox 391 3389 451 3444; x_wconf 89' lang='lat' dir='ltr'>eius</span> <span class='ocrx_word' id='word_1_328' title='bbox 470 3405 574 3458; x_wconf 89' lang='lat' dir='ltr'>corpus</span> <span class='ocrx_word' id='word_1_329' title='bbox 597 3388 704 3457; x_wconf 89' lang='lat' dir='ltr'>reperit</span> <span class='ocrx_word' id='word_1_330' title='bbox 720 3388 749 3440; x_wconf 92' lang='lat' dir='ltr'>in</span> <span class='ocrx_word' id='word_1_331' title='bbox 767 3403 925 3441; x_wconf 90' lang='lat' dir='ltr'>marmoreo</span> <span class='ocrx_word' id='word_1_332' title='bbox 948 3387 1044 3451; x_wconf 89' lang='lat' dir='ltr'>loculo</span> <span class='ocrx_word' id='word_1_333' title='bbox 1067 3389 1225 3459; x_wconf 89' lang='lat' dir='ltr'>eonditum,</span> <span class='ocrx_word' id='word_1_334' title='bbox 1253 3387 1344 3442; x_wconf 89' lang='lat' dir='ltr'>serico</span> <span class='ocrx_word' id='word_1_335' title='bbox 1362 3390 1477 3454; x_wconf 89' lang='lat' dir='ltr'>tectum,</span> 
     </span>
     <span class='ocr_line' id='line_1_36' title="bbox 260 3473 1508 3544; baseline -0.003 -15"><span class='ocrx_word' id='word_1_336' title='bbox 260 3475 310 3530; x_wconf 92' lang='lat' dir='ltr'>ubi</span> <span class='ocrx_word' id='word_1_337' title='bbox 327 3476 356 3529; x_wconf 96' lang='lat' dir='ltr'>in</span> <span class='ocrx_word' id='word_1_338' title='bbox 373 3475 477 3530; x_wconf 88' lang='lat' dir='ltr'>lamina</span> <span class='ocrx_word' id='word_1_339' title='bbox 499 3475 633 3544; x_wconf 90' lang='lat' dir='ltr'>plumbea</span> <span class='ocrx_word' id='word_1_340' title='bbox 655 3474 733 3527; x_wconf 88' lang='lat' dir='ltr'>intus</span> <span class='ocrx_word' id='word_1_341' title='bbox 756 3473 851 3542; x_wconf 91' lang='lat' dir='ltr'>posita</span> <span class='ocrx_word' id='word_1_342' title='bbox 868 3473 940 3528; x_wconf 89' lang='lat' dir='ltr'>haee</span> <span class='ocrx_word' id='word_1_343' title='bbox 962 3476 1062 3527; x_wconf 90' lang='lat' dir='ltr'>notata</span> <span class='ocrx_word' id='word_1_344' title='bbox 1085 3479 1146 3529; x_wconf 89' lang='lat' dir='ltr'>erat</span> <span class='ocrx_word' id='word_1_345' title='bbox 1163 3474 1323 3543; x_wconf 89' lang='lat' dir='ltr'>inscriptio:</span> <span class='ocrx_word' id='word_1_346' title='bbox 1351 3473 1405 3526; x_wconf 90' lang='lat' dir='ltr'>Hic</span> <span class='ocrx_word' id='word_1_347' title='bbox 1422 3473 1477 3526; x_wconf 85' lang='lat' dir='ltr'>Re·</span> <span class='ocrx_word' id='word_1_348' title='bbox 1506 3493 1508 3499; x_wconf 94' lang='lat'>·</span> 
     </span>
     <span class='ocr_line' id='line_1_37' title="bbox 263 3559 1477 3634; baseline -0.001 -19"><span class='ocrx_word' id='word_1_349' title='bbox 263 3562 383 3630; x_wconf 91' lang='lat' dir='ltr'>quiescit</span> <span class='ocrx_word' id='word_1_350' title='bbox 409 3562 520 3630; x_wconf 84' lang='lat' dir='ltr'>Corpus</span> <span class='ocrx_word' id='word_1_351' title='bbox 545 3562 627 3616; x_wconf 89' lang='lat' dir='ltr'>Beati</span> <span class='ocrx_word' id='word_1_352' title='bbox 650 3560 826 3615; x_wconf 89' lang='lat' dir='ltr'>Mercurialis</span> <span class='ocrx_word' id='word_1_353' title='bbox 849 3559 984 3628; x_wconf 89' lang='lat' dir='ltr'>Episcopi</span> <span class='ocrx_word' id='word_1_354' title='bbox 998 3559 1163 3634; x_wconf 62' lang='lat' dir='ltr'>vLiviensis:</span> <span class='ocrx_word' id='word_1_355' title='bbox 1194 3561 1269 3616; x_wconf 87' lang='lat' dir='ltr'>Obiit</span> <span class='ocrx_word' id='word_1_356' title='bbox 1290 3560 1362 3614; x_wconf 92' lang='lat' dir='ltr'>Anu.</span> <span class='ocrx_word' id='word_1_357' title='bbox 1383 3559 1477 3614; x_wconf 80' lang='lat' dir='ltr'>CLVI.</span> 
     </span>
     <span class='ocr_line' id='line_1_38' title="bbox 262 3644 1477 3714; baseline -0.005 -11"><span class='ocrx_word' id='word_1_358' title='bbox 262 3648 338 3703; x_wconf 83' lang='lat' dir='ltr'>Prid.</span> <span class='ocrx_word' id='word_1_359' title='bbox 357 3649 422 3702; x_wconf 87' lang='lat' dir='ltr'>Kal.</span> <span class='ocrx_word' id='word_1_360' title='bbox 445 3647 520 3702; x_wconf 90' lang='lat' dir='ltr'>Maii.</span> <span class='ocrx_word' id='word_1_361' title='bbox 555 3647 704 3702; x_wconf 89' lang='lat' dir='ltr'>Habentur</span> <span class='ocrx_word' id='word_1_362' title='bbox 730 3647 801 3702; x_wconf 90' lang='lat' dir='ltr'>haec</span> <span class='ocrx_word' id='word_1_363' title='bbox 827 3646 979 3702; x_wconf 90' lang='lat' dir='ltr'>memoriae</span> <span class='ocrx_word' id='word_1_364' title='bbox 1005 3645 1120 3714; x_wconf 88' lang='lat' dir='ltr'>prodita</span> <span class='ocrx_word' id='word_1_365' title='bbox 1142 3647 1171 3700; x_wconf 93' lang='lat' dir='ltr'>in</span> <span class='ocrx_word' id='word_1_366' title='bbox 1194 3647 1291 3701; x_wconf 90' lang='lat' dir='ltr'>libello</span> <span class='ocrx_word' id='word_1_367' title='bbox 1319 3644 1477 3700; x_wconf 90' lang='lat' dir='ltr'>abeodem</span> 
     </span>
     <span class='ocr_line' id='line_1_39' title="bbox 262 3731 1479 3805; baseline -0.005 -15"><span class='ocrx_word' id='word_1_368' title='bbox 262 3735 407 3805; x_wconf 90' lang='lat' dir='ltr'>Episcopo</span> <span class='ocrx_word' id='word_1_369' title='bbox 434 3735 540 3804; x_wconf 91' lang='lat' dir='ltr'>scripto</span> <span class='ocrx_word' id='word_1_370' title='bbox 565 3735 601 3788; x_wconf 90' lang='lat' dir='ltr'>de</span> <span class='ocrx_word' id='word_1_371' title='bbox 624 3734 709 3789; x_wconf 91' lang='lat' dir='ltr'>modo</span> <span class='ocrx_word' id='word_1_372' title='bbox 738 3733 900 3789; x_wconf 89' lang='lat' dir='ltr'>celebrandi</span> <span class='ocrx_word' id='word_1_373' title='bbox 918 3731 1058 3802; x_wconf 89' lang='lat' dir='ltr'>Jubilaei,</span> <span class='ocrx_word' id='word_1_374' title='bbox 1088 3731 1213 3788; x_wconf 82' lang='lat' dir='ltr'>Cesenae</span> <span class='ocrx_word' id='word_1_375' title='bbox 1240 3734 1378 3802; x_wconf 85' lang='lat' dir='ltr'>impresso</span> <span class='ocrx_word' id='word_1_376' title='bbox 1401 3731 1479 3800; x_wconf 91' lang='lat' dir='ltr'>apud</span> 
     </span>
     <span class='ocr_line' id='line_1_40' title="bbox 262 3821 1488 3896; baseline -0.003 -20"><span class='ocrx_word' id='word_1_377' title='bbox 262 3821 512 3876; x_wconf 88' lang='lat' dir='ltr'>Bartholomaeum</span> <span class='ocrx_word' id='word_1_378' title='bbox 530 3821 721 3890; x_wconf 87' lang='lat' dir='ltr'>Raccenium).</span> <span class='ocrx_word' id='word_1_379' title='bbox 1274 3891 1278 3896; x_wconf 19' lang='grc' dir='ltr'>ἱ</span> <span class='ocrx_word' id='word_1_380' title='bbox 1484 3880 1488 3888; x_wconf 48' lang='grc'><em>,</em></span> 
     </span>
    </p>

    <p class='ocr_par' dir='ltr' id='par_1_11' title="bbox 262 3903 1479 4328">
     <span class='ocr_line' id='line_1_41' title="bbox 367 3903 1478 3978; baseline -0.007 -14"><span class='ocrx_word' id='word_1_381' title='bbox 367 3908 388 3978; x_wconf 83' lang='lat'>⁵)</span> <span class='ocrx_word' id='word_1_382' title='bbox 406 3907 552 3964; x_wconf 88' lang='lat' dir='ltr'>Eiusmodi</span> <span class='ocrx_word' id='word_1_383' title='bbox 578 3907 776 3976; x_wconf 89' lang='lat' dir='ltr'>inscriptiones</span> <span class='ocrx_word' id='word_1_384' title='bbox 798 3907 853 3962; x_wconf 91' lang='lat' dir='ltr'>hoc</span> <span class='ocrx_word' id='word_1_385' title='bbox 876 3909 1030 3962; x_wconf 89' lang='lat' dir='ltr'>carminum</span> <span class='ocrx_word' id='word_1_386' title='bbox 1057 3923 1161 3978; x_wconf 85' lang='lat' dir='ltr'>genere</span> <span class='ocrx_word' id='word_1_387' title='bbox 1188 3906 1344 3975; x_wconf 89' lang='lat' dir='ltr'>antiquitus</span> <span class='ocrx_word' id='word_1_388' title='bbox 1367 3903 1478 3958; x_wconf 86' lang='lat' dir='ltr'>confor-</span> 
     </span>
     <span class='ocr_line' id='line_1_42' title="bbox 262 3992 1478 4066; baseline -0.006 -16"><span class='ocrx_word' id='word_1_389' title='bbox 262 3996 345 4066; x_wconf 90' lang='lat' dir='ltr'>mari,</span> <span class='ocrx_word' id='word_1_390' title='bbox 378 4013 412 4050; x_wconf 90' lang='lat' dir='ltr'>ae</span> <span class='ocrx_word' id='word_1_391' title='bbox 439 3995 536 4065; x_wconf 92' lang='lat' dir='ltr'>primis</span> <span class='ocrx_word' id='word_1_392' title='bbox 567 3994 773 4050; x_wconf 87' lang='lat' dir='ltr'>versiculorum</span> <span class='ocrx_word' id='word_1_393' title='bbox 805 3994 906 4048; x_wconf 90' lang='lat' dir='ltr'>litteris</span> <span class='ocrx_word' id='word_1_394' title='bbox 932 4011 1034 4049; x_wconf 90' lang='lat' dir='ltr'>nomen</span> <span class='ocrx_word' id='word_1_395' title='bbox 1064 3993 1181 4063; x_wconf 89' lang='lat' dir='ltr'>aliquod</span> <span class='ocrx_word' id='word_1_396' title='bbox 1213 3992 1331 4062; x_wconf 84' lang='lat' dir='ltr'>exprimi</span> <span class='ocrx_word' id='word_1_397' title='bbox 1362 4007 1478 4045; x_wconf 90' lang='lat' dir='ltr'>consue-</span> 
     </span>
     <span class='ocr_line' id='line_1_43' title="bbox 262 4077 1479 4157; baseline -0.006 -21"><span class='ocrx_word' id='word_1_398' title='bbox 262 4083 348 4153; x_wconf 89' lang='lat' dir='ltr'>visse,</span> <span class='ocrx_word' id='word_1_399' title='bbox 378 4083 506 4150; x_wconf 83' lang='lat' dir='ltr'>encmplo</span> <span class='ocrx_word' id='word_1_400' title='bbox 531 4087 573 4136; x_wconf 91' lang='lat' dir='ltr'>est</span> <span class='ocrx_word' id='word_1_401' title='bbox 595 4085 681 4136; x_wconf 87' lang='lat' dir='ltr'>vetus</span> <span class='ocrx_word' id='word_1_402' title='bbox 708 4079 881 4148; x_wconf 90' lang='lat' dir='ltr'>epitaphium</span> <span class='ocrx_word' id='word_1_403' title='bbox 904 4080 931 4136; x_wconf 88' lang='lat' dir='ltr'>S.</span> <span class='ocrx_word' id='word_1_404' title='bbox 955 4081 1100 4151; x_wconf 85' lang='lat' dir='ltr'>Eugeniae</span> <span class='ocrx_word' id='word_1_405' title='bbox 1128 4077 1261 4157; x_wconf 86' lang='lat' dir='ltr'>martyris</span> <span class='ocrx_word' id='word_1_406' title='bbox 1280 4077 1479 4145; x_wconf 85' lang='lat' dir='ltr'>Cordubensis,</span> 
     </span>
     <span class='ocr_line' id='line_1_44' title="bbox 263 4163 1478 4240; baseline -0.006 -17"><span class='ocrx_word' id='word_1_407' title='bbox 263 4171 340 4240; x_wconf 91' lang='lat' dir='ltr'>qnod</span> <span class='ocrx_word' id='word_1_408' title='bbox 366 4169 468 4223; x_wconf 89' lang='lat' dir='ltr'>recitat</span> <span class='ocrx_word' id='word_1_409' title='bbox 494 4165 668 4223; x_wconf 81' lang='lat' dir='ltr'>Ambrosius</span> <span class='ocrx_word' id='word_1_410' title='bbox 699 4165 829 4233; x_wconf 73' lang='lat' dir='ltr'>Mecales</span> <span class='ocrx_word' id='word_1_411' title='bbox 851 4169 880 4230; x_wconf 90' lang='lat' dir='ltr'>in</span> <span class='ocrx_word' id='word_1_412' title='bbox 904 4169 1061 4237; x_wconf 89' lang='lat' dir='ltr'>appendice</span> <span class='ocrx_word' id='word_1_413' title='bbox 1088 4168 1126 4222; x_wconf 91' lang='lat' dir='ltr'>ad</span> <span class='ocrx_word' id='word_1_414' title='bbox 1151 4166 1309 4236; x_wconf 85' lang='lat' dir='ltr'>Eulogium.</span> <span class='ocrx_word' id='word_1_415' title='bbox 1346 4163 1429 4232; x_wconf 92' lang='lat' dir='ltr'>(Ann.</span> <span class='ocrx_word' id='word_1_416' title='bbox 1453 4179 1478 4217; x_wconf 91' lang='lat' dir='ltr'>a.</span> 
     </span>
     <span class='ocr_line' id='line_1_45' title="bbox 263 4251 1440 4328; baseline -0.005 -18"><span class='ocrx_word' id='word_1_417' title='bbox 263 4256 322 4311; x_wconf 82' lang='lat' dir='ltr'>Gal.</span> <span class='ocrx_word' id='word_1_418' title='bbox 340 4255 426 4328; x_wconf 75' lang='lat' dir='ltr'>Aug.)</span> <span class='ocrx_word' id='word_1_419' title='bbox 1437 4251 1440 4259; x_wconf 83' lang='lat'>&#39;</span> 
     </span>
    </p>

    <p class='ocr_par' dir='ltr' id='par_1_12' title="bbox 262 4337 1480 4502">
     <span class='ocr_line' id='line_1_46' title="bbox 368 4337 1480 4412; baseline -0.005 -16"><span class='ocrx_word' id='word_1_420' title='bbox 368 4341 389 4411; x_wconf 80' lang='lat'>⁶)</span> <span class='ocrx_word' id='word_1_421' title='bbox 408 4341 463 4396; x_wconf 81' lang='lat' dir='ltr'>oo.</span> <span class='ocrx_word' id='word_1_422' title='bbox 476 4339 609 4408; x_wconf 84' lang='lat' dir='ltr'>Buosec,</span> <span class='ocrx_word' id='word_1_423' title='bbox 628 4342 802 4412; x_wconf 84' lang='lat' dir='ltr'>Hippolytus</span> <span class='ocrx_word' id='word_1_424' title='bbox 814 4359 841 4396; x_wconf 93' lang='lat' dir='ltr'>u.</span> <span class='ocrx_word' id='word_1_425' title='bbox 855 4343 931 4397; x_wconf 90' lang='lat' dir='ltr'>scine</span> <span class='ocrx_word' id='word_1_426' title='bbox 951 4342 1019 4396; x_wconf 88' lang='lat' dir='ltr'>Zeit.</span> <span class='ocrx_word' id='word_1_427' title='bbox 1049 4341 1143 4411; x_wconf 83' lang='lat' dir='ltr'>Leipn.</span> <span class='ocrx_word' id='word_1_428' title='bbox 1157 4341 1233 4395; x_wconf 85' lang='lat'>1852.</span> <span class='ocrx_word' id='word_1_429' title='bbox 1252 4339 1274 4408; x_wconf 91' lang='lat' dir='ltr'>I,</span> <span class='ocrx_word' id='word_1_430' title='bbox 1294 4337 1480 4392; x_wconf 83' lang='lat'>12.158.163.</span> 
     </span>
     <span class='ocr_line' id='line_1_47' title="bbox 262 4423 1340 4502; baseline -0.006 -17"><span class='ocrx_word' id='word_1_431' title='bbox 262 4425 429 4502; x_wconf 79' lang='lat' dir='ltr'>Db&#39;ttiaper,</span> <span class='ocrx_word' id='word_1_432' title='bbox 448 4427 622 4498; x_wconf 89' lang='lat' dir='ltr'>Hippolytus</span> <span class='ocrx_word' id='word_1_433' title='bbox 639 4429 698 4482; x_wconf 93' lang='lat' dir='ltr'>und</span> <span class='ocrx_word' id='word_1_434' title='bbox 716 4429 862 4483; x_wconf 89' lang='lat' dir='ltr'>Kallistus.</span> <span class='ocrx_word' id='word_1_435' title='bbox 898 4427 1086 4498; x_wconf 86' lang='lat' dir='ltr'>Regensburg</span> <span class='ocrx_word' id='word_1_436' title='bbox 1106 4426 1181 4481; x_wconf 90' lang='grc'><strong>1853.</strong></span> <span class='ocrx_word' id='word_1_437' title='bbox 1199 4443 1227 4494; x_wconf 89' lang='lat' dir='ltr'>p.</span> <span class='ocrx_word' id='word_1_438' title='bbox 1245 4423 1279 4479; x_wconf 84' lang='lat'>25</span> <span class='ocrx_word' id='word_1_439' title='bbox 1299 4440 1340 4493; x_wconf 92' lang='lat' dir='ltr'>sq.</span> 
     </span>
    </p>
   </div>
   <div class='ocr_carea' id='block_1_7' title="bbox 0 0 1688 5484">
    <p class='ocr_par' dir='ltr' id='par_1_13' title="bbox 0 0 1688 5484">
     <span class='ocr_line' id='line_1_48' title="bbox 0 0 1688 5484; baseline 0 0"><span class='ocrx_word' id='word_1_440' title='bbox 0 0 1688 5484; x_wconf 95' lang='lat' dir='ltr'> </span> 
     </span>
    </p>
   </div>
  </div>
 </body>
</html>
