3350 5484
810 333 866 398 64Ὶ

225 499 348 562 quaeve
379 481 503 550 sincera
534 488 629 566 atque
661 487 791 568 recepta
813 483 853 549 de
876 489 988 549 sancta
1014 489 1153 569 martyre
1184 483 1270 552 dicta
1302 492 1438 570 exstent,

224 585 258 648 in
281 584 418 651 medium
446 584 594 653 adducat.
639 586 784 653 Periodis
811 592 916 653 autem
942 587 1034 652 Pauli
1057 593 1089 654 et
1110 587 1249 656 Theclae
1280 611 1438 657 commen-

225 687 304 754 titiis
347 689 478 774 opponit
520 711 614 774 quam
652 710 730 774 prae
767 691 913 756 manibus
951 691 1061 758 habuit
1098 691 1237 760 Theclae
1277 694 1438 779 passionis

224 791 389 858 historiam
397 794 425 879 ⁵)
462 813 597 876 eamque
633 799 684 859 sat
714 787 826 859 multis'
852 794 911 860 SS.
942 795 1071 861 Patrum
1108 796 1299 864 testimoniis
1335 797 1438 863 fulciri

224 895 373 964 ostendit.
418 897 524 962 Vitam
547 897 643 962 etiam
666 898 743 962 citat
765 896 798 962 S.
823 897 962 964 Theclae
989 906 1118 965 auctore
1139 899 1260 965 Basilio
1287 900 1438 986 episcopo

224 999 429 1086 Seleuciae⁶)
452 1007 650 1066 asservatam
672 999 705 1066 in
720 999 933 1066 bibliothecae
956 999 1137 1069 Sfortianae
1160 1003 1321 1069 codicibus
1343 1023 1437 1070 mscr.

223 1107 265 1170 45
282 1111 314 1170 et
329 1107 385 1171 81:
410 1124 527 1190 „quam
550 1105 674 1190 ipsam“
699 1141 747 1164 -r
763 1103 844 1190 ait⁷)
866 1143 909 1152 -
934 1103 986 1190 „in
1008 1105 1155 1172 Latinum
1179 1127 1200 1171 a
1222 1127 1258 1172 se
1280 1106 1437 1172 redditam

222 1209 367 1294 proxime
402 1207 542 1276 editurus
574 1213 624 1272 cst
648 1208 689 1272 D.
713 1207 877 1273 Rolandus
906 1207 1105 1295 Vincleius⁸)
1137 1211 1253 1294 Belga,
1291 1212 1437 1276 alumnus

222 1313 260 1378 R.
283 1314 324 1379 D.
347 1311 484 1377 Lindani
506 1310 649 1398 episcopi
672 1311 956 1394 Ruremundensis,
990 1331 1073 1378 nunc
1095 1319 1199 1380 autem
1223 1313 1274 1380 lll.
1298 1334 1338 1397 ac
1359 1315 1436 1382 Rev.

224 1416 394 1500 Augustini
416 1415 537 1482 Valerii
558 1414 701 1500 episcopi
724 1415 917 1481 Veronensis
941 1415 975 1480 S.
998 1417 1035 1481 R.
1059 1417 1096 1482 Ε.
1121 1416 1315 1501 cardinalis,
1339 1418 1437 1484 Grae-

226 1539 333 1585 corum
370 1517 512 1586 eruditus
547 1507 736 1603 interpres'fl
791 1518 884 1585 Hunc
918 1519 1015 1606 igitur
1046 1519 1223 1585 Rolandum
1259 1519 1437 1586 Vincleium

221 1623 388 1708 promissis
420 1623 461 1690 de
492 1621 674 1706 evulgando
705 1622 816 1689 Basilii
849 1620 1062 1689 seleuciensis
1096 1623 1247 1708 Episcopi
1279 1644 1437 1692 commen-

221 1726 302 1793 tario
335 1734 420 1794 stare
451 1726 605 1810 voluisse,
638 1747 678 1792 ex
700 1725 824 1792 duabus
855 1725 956 1810 ipsius
988 1727 1087 1809 liquet
1113 1724 1155 1790 ad
1177 1727 1348 1793 Baronium
1371 1728 1438 1812 epi-

222 1829 323 1913 stolis,
347 1851 479 1914 quarum
501 1850 597 1894 unam
619 1828 749 1895 Madriti
771 1828 879 1895 Idibus
901 1829 988 1895 Junii
1012 1833 1110 1909 1589,
1133 1829 1265 1896 alteram
1291 1831 1437 1898 Veronae

222 1934 310 2002 V111.
333 1936 407 2002 Kal.
430 1937 523 2002 Mart.
547 1937 629 2002 1591
654 1933 807 2000 exaravit.
840 1933 878 1998 In
901 1933 1014 2000 litteris
1038 1932 1165 2015 quidem
1188 1933 1436 2002 Madritensibns

222 2039 442 2124 lucubrationi,
466 2038 494 2104 si
516 2035 644 2122 quaudo
666 2055 737 2102 are
758 2035 944 2122 pecuniaria
964 2035 1105 2121 paratior
1125 2036 1216 2122 foret,
1241 2037 1436 2105 emittendae

221 2142 391 2228 plurimum
413 2142 492 2209 lucis
515 2141 629 2209 afferre
650 2160 748 2226 posse
769 2141 872 2206 innuit
894 2159 977 2223 quae
1000 2139 1041 2205 de
1055 2141 1096 2205 D.
1112 2139 1234 2206 Thecla
1244 2141 1286 2206 ab
1297 2141 1436 2209 Eusebio

220 2247 347 2331 scriptis
370 2245 593 2312 commendata
613 2246 647 2310 in
668 2245 841 2311 Escuriaco
865 2244 1116 2331 asserventur,⁹)
1139 2250 1172 2311 et
1193 2265 1234 2311 ex
1248 2267 1284 2312 re
1299 2244 1437 2311 futurum

221 2349 355 2434 iudicat,
392 2349 421 2415 si
452 2349 607 2416 Baronius
637 2349 690 2416 vel
723 2369 815 2415 suam
846 2348 1067 2413 auctoritatem
1098 2346 1184 2433 apud
1215 2347 1364 2415 Garoiam
1395 2349 1437 2416 de

221 2454 390 2540 Loalsa¹⁰)
421 2452 602 2536 interponat
631 2451 683 2518 vel
714 2450 1021 2519 commendationem
1048 2450 1228 2518 Cardinalis
1259 2451 1436 2518 Aldobran-

221 2556 289 2622 dini
315 2557 464 2642 impetret
484 2554 527 2620 ad
549 2555 691 2622 laborem
718 2556 814 2622 istum
841 2554 1024 2622 iuvandum.
1068 2555 1203 2623 Biennio
1229 2561 1336 2624 autem
1364 2562 1438 2643 post

221 2659 383 2726 Vincleius
414 2659 587 2726 Baronium
617 2680 677 2745 per
706 2658 840 2726 alteram
877 2659 1047 2744 epistolam
1077 2661 1296 2726 Veronensem
1332 2659 1437 2727 reddit

222 2764 403 2847 certiorem,
438 2783 473 2829 se
495 2761 624 2829 tandem
655 2763 865 2849 perpolivisse
892 2763 1005 2829 Basilii
1028 2761 1069 2830 de
1090 2763 1212 2830 Thecla
1244 2771 1436 2832 commenta-

219 2867 300 2932 rium
327 2874 423 2949 atque
446 2887 466 2932 a
487 2866 648 2932 sexcentis
679 2866 804 2934 mendis
835 2873 868 2934 et
893 2867 1062 2934 oblivionis
1093 2868 1210 2935 iniuria
1240 2868 1435 2936 vindicatum

220 2972 267 3036 ita
293 2969 427 3055 pristino
459 2969 554 3036 nitori
584 2970 778 3052 restituisse,
811 2976 846 3036 ut
867 2991 928 3038 nec
954 2991 1089 3055 usquam
1111 2971 1276 3039 uelatum
1307 2971 1435 3056 quidem

220 3095 359 3160 unguem
382 3075 424 3141 ab
445 3075 585 3140 auctoris
608 3094 705 3140 sensu
736 3072 932 3141 discesserit.
979 3076 1102 3161 „Tuum
1126 3076 1205 3142 erit“
1229 3115 1271 3124 -
1293 3075 1340 3142 ita
1361 3076 1439 3142 allo-

224 3179 329 3263 quitur
351 3179 521 3245 Barouium
543 3216 587 3226 -
611 3175 716 3262 „quod
735 3184 767 3242 te
783 3183 913 3244 auctore
935 3198 1070 3262 meaque
1091 3178 1250 3245 industria
1265 3199 1283 3246 e
1297 3178 1438 3246 tenebris

225 3288 347 3349 erutum
371 3286 429 3366 est,
451 3287 486 3346 ut
508 3280 628 3347 utilitas
651 3280 759 3364 aliqua
781 3279 824 3346 ad
846 3281 1064 3365 posteritatem
1087 3288 1204 3367 manet,
1227 3289 1283 3348 tua
1304 3281 1439 3349 auctori-

220 3392 296 3471 tate,
319 3387 434 3472 gratia,
457 3384 732 3453 commendatione
755 3383 841 3469 typis
864 3405 1015 3451 excusum
1037 3386 1144 3453 varias
1166 3386 1199 3452 in
1221 3386 1308 3453 orbis
1329 3392 1438 3472 partes

222 3491 385 3574 emittere3
424 3495 459 3556 ut
490 3487 575 3572 quod
610 3487 710 3554 semel
742 3486 919 3554 ornandum
953 3490 1137 3575 suscepisti,
1172 3489 1259 3555 omni
1289 3487 1436 3556 beneficii

220 3614 340 3678 genere
362 3595 475 3660 abste
497 3591 690 3659 cumulatum
712 3591 746 3656 in
768 3591 870 3658 lucem
895 3593 1020 3658 exeat.“

329 3887 347 3955 ¹)
366 3887 455 3942 Iconii
472 3887 501 3941 in
518 3885 665 3958 Lycaonia
689 3888 806 3940 sanctae
824 3881 948 3954 Theclae
969 3881 1089 3953 virginis
1108 3888 1137 3940 et
1154 3885 1300 3958 martyris,
1328 3903 1438 3958 quaec

221 3978 320 4028 sancto
340 3973 430 4028 Paulo
448 3973 590 4043 Apostolo
608 3975 647 4029 ad
664 3972 749 4028 fidem
765 3972 914 4042 perducta,
933 3971 985 4026 sub
1003 3971 1116 4026 Nerone
1134 3971 1306 4041 imperatore
1324 3975 1353 4028 iu
1371 3991 1437 4029 con-

220 4059 344 4116 fessione
366 4060 469 4116 Christi
495 4061 576 4130 ignes
600 4076 635 4115 ac
658 4059 766 4116 bestias
794 4059 914 4129 devicit,
941 4061 1053 4127 etpost
1079 4056 1201 4128 plurima
1224 4059 1262 4115 ad
1280 4059 1437 4115 doctrinam

220 4147 371 4202 multorum
399 4152 535 4218 superata
557 4147 723 4217 certamina,
751 4145 909 4202 Seleuciam
931 4145 1062 4215 veniens,
1088 4144 1129 4200 ibi
1146 4145 1289 4215 requievit
1305 4146 1334 4200 in
1351 4162 1437 4218 pace:

221 4248 306 4302 quam
325 4233 414 4289 sancti
434 4235 535 4289 Patres
554 4233 668 4288 summis
685 4231 819 4288 laudibus
838 4231 1026 4287 celebrarunt.

327 4321 348 4388 ²)
366 4321 410 4375 De
427 4320 569 4390 baptismo
589 4335 651 4390 cap.
671 4321 715 4375 ll:
747 4319 853 4384 Quodsi
879 4333 953 4388 quae
970 4318 1052 4372 Pauli
1075 4333 1225 4388 perperam
1247 4319 1354 4389 scripta
1372 4324 1437 4375 sunt

221 4407 378 4477 exemplum
396 4405 519 4463 Theclae
537 4407 575 4462 ad
587 4407 729 4462 licentiam
749 4406 896 4460 mulierum
914 4405 1035 4460 docendi
1052 4405 1256 4476 tinguendique
1274 4405 1437 4478 defendunt,

220 4494 312 4564 sciant
333 4493 362 4547 in
379 4493 450 4548 Asia
474 4493 671 4564 presbyterum
696 4493 744 4562 qui
768 4507 830 4546 eam
855 4492 1024 4561 scripturam
1051 4491 1221 4563 construxit,
1248 4492 1330 4561 quasi
1352 4493 1436 4548 titulo

219 4577 302 4632 Pauli
326 4578 362 4632 de
386 4595 438 4634 suo
464 4581 622 4651 cumulans,
653 4579 814 4634 convictum
838 4581 929 4646 atqne'
949 4577 1108 4632 confessum
1130 4579 1160 4633 id
1178 4594 1208 4633 se
1231 4593 1328 4634 amore
1354 4580 1437 4635 Pauli

218 4663 319 4718 fecisse
354 4663 418 4719 loco
454 4666 618 4722 decessisse.
671 4665 754 4735 (Opp.
784 4664 828 4718 ed.
858 4663 904 4718 Tr.
937 4659 1048 4720 chler.
1084 4666 1163 4720 Tom.
1191 4665 1214 4719 Ι.
1251 4665 1328 4736 Lips.
1359 4667 1436 4722 1853.

219 4766 247 4820 r·
265 4750 317 4806 636
335 4752 389 4821 se)
1195 4759 1197 4764 ·

1656 3713 1661 3926 l
