3350 5484
820 353 863 418 59

232 507 265 574 in
287 508 497 594 responsione
523 507 567 574 ad
593 527 710 574 nonam
726 504 1071 589 interrogationemff)
1108 527 1202 589 quum
1231 509 1333 574 solum
1361 507 1448 574 dicat

233 612 357 677 Sixtum
386 613 571 697 Martyrem,
608 632 670 676 non
699 609 898 693 distinguens
930 610 1012 675 inter
1038 608 1177 675 Primum
1200 617 1231 676 et
1255 611 1446 678 Secundum.

237 713 330 799 Quid,
353 715 439 798 quod
453 735 514 782 neo
527 715 648 802 Papam
668 714 767 798 addit,
791 720 823 780 et
836 714 918 780 forte
934 719 1002 780 crat
1016 713 1098 778 alius
1114 715 1154 778 D.
1171 713 1280 781 Sixtus
1295 715 1446 799 Martyr.“

230 821 320 884 Haec
352 818 498 904 exceptio
528 819 625 904 plane
655 819 759 885 solida
785 839 849 884 non
875 817 977 902 potuit
998 815 1169 883 Baronium
1196 837 1260 883 non
1283 818 1447 904 impellere

230 922 273 987 ad
287 922 562 1006 retractationem
586 922 671 1006 quod
692 921 816 1007 pridem
838 927 998 1006 procerte
1020 919 1246 1006 affirmaverat,
1268 921 1445 988 indubium

230 1025 392 1092 revocavit
415 1025 584 1109 thesinque
607 1026 640 1092 in
662 1025 854 1112 hypothesin
877 1025 1019 1092 mutavit.

341 1285 357 1354 ¹)
377 1285 432 1340 (afr.
454 1282 551 1340 Taciie'
569 1285 670 1340 Annal.
688 1285 749 1340 Lib.
768 1283 831 1354 XV,
848 1285 882 1338 49
902 1299 942 1352 sq.

339 1373 360 1442 ²)
378 1372 478 1427 Odisse
497 1372 592 1441 coepi,
618 1375 770 1441 postquam
788 1370 933 1440 parricida
950 1369 1096 1424 matris‘et
1113 1370 1224 1439 uxoris,
1252 1373 1280 1424 et
1298 1369 1400 1441 auriga
1419 1374 1447 1425 et

230 1460 330 1515 histrio
350 1464 379 1515 ct
396 1459 586 1515 incendiarius
604 1457 736 1512 exstitisti
755 1457 784 1525 (I.
804 1472 827 1510 c.
845 1455 908 1526 XV,
926 1457 980 1524 67).

337 1545 358 1616 ³)
378 1546 434 1601 Cir.
453 1545 519 1602 Sev.
542 1541 745 1616 Weaztowstp,
763 1543 817 1598 Die
828 1541 924 1597 Briefe
942 1542 993 1597 der
1011 1543 1117 1612 Pttpste
1135 1547 1189 1598 etc.
1215 1545 1446 1615 Kempten1875.
1487 1531 1491 1542 ’

232 1633 255 1702 I,
272 1633 324 1687 229
343 1648 385 1702 sq.

171 1741 174 1748 ⁴
211 1714 218 1724 ’“
337 1719 356 1787 ⁴)
374 1717 541 1774 Obsecratio
559 1715 721 1787 Augustini.
757 1715 891 1785 Obsecro,
909 1719 941 1768 ut
959 1715 1097 1784 reliquiae
1115 1715 1205 1770 sancti
1224 1715 1295 1772 Sinti
1313 1715 1447 1786 martyris

232 1803 315 1859 nobis
332 1803 567 1858 transmittantur.
598 1803 750 1858 Concessio
770 1801 910 1873 Gregorii.
939 1802 1069 1856 Fecimus
1088 1803 1166 1872 quod
1183 1803 1287 1872 petisti,
1306 1807 1446 1870 quatenus

231 1891 354 1959 populus
372 1891 466 1959 quiin
484 1891 549 1945 Ioco
568 1890 713 1960 quondam
730 1889 820 1944 saneti
839 1889 911 1944 Sixti
930 1889 1062 1958 martyris
1081 1906 1186 1959 corpus
1208 1890 1340 1944 dixerunt
1357 1904 1444 1944 vene-

231 1977 305 2046 rari,
335 1977 413 2046 quod
434 1981 502 2032 tuae
528 1977 700 2032 fraternitati
726 1992 780 2031 nec
805 1991 905 2030 verum
927 1991 980 2029 uec
999 1977 1142 2032 veraciter
1167 1980 1295 2032 sanctum
1321 1975 1445 2046 videtur,
1471 1979 1474 1988 '

232 2068 311 2118 certa
333 2064 501 2120 sanctissimi
519 2069 548 2119 et
565 2063 758 2134 probatissimi
781 2063 914 2132 martyris
937 2061 1075 2118 beneficia
1096 2063 1266 2133 suscipiens,
1294 2061 1388 2116 colere
1406 2063 1446 2116 in-

234 2154 313 2205 certa
330 2165 387 2204 non
406 2151 510 2206 debeat
522 2155 575 2206 etc.
606 2149 645 2220 (S.
657 2145 797 2222 Gregorii
806 2151 841 2204 Μ.
851 2149 1043 2218 Epistolarum
1061 2147 1123 2204 Lib.
1133 2149 1184 2203 XI.
1203 2149 1264 2202 Ind.
1274 2148 1323 2203 IV.
1342 2149 1394 2218 Ep.
1404 2149 1446 2204 64.

126 2229 131 2238 '
235 2237 272 2292 ad
284 2235 474 2307 Augustinum
486 2233 644 2306 Anglorum
656 2236 837 2306 Episcopum.
856 2235 926 2305 Opp.
940 2233 983 2290 ed.
996 2231 1107 2308 Mignc.
1126 2235 1191 2289 Par.
1205 2234 1281 2289 1849.
1294 2234 1346 2305 III,
1359 2235 1447 2304 1193.)

715 2619 960 2707 XXXVIII.

336 2893 370 2960 S.
396 2894 574 2983 Bononiam
606 2892 755 2960 abbatem
787 2895 945 2979 migrasse
976 2916 1017 2988 err
1047 2893 1109 2960 hac
1139 2895 1205 2961 vita
1232 2916 1262 2960 a.
1291 2897 1331 2962 D.
1363 2898 1446 2964 1026

232 2999 364 3081 eiusque
395 2997 597 3064 sanctitatem
628 2997 783 3082 probasse
806 2998 963 3064 Ioannem
988 2999 1108 3083 Papam
1136 2999 1328 3082 vigesimum
1351 2999 1447 3066 Baross

231 3103 315 3186 nius,
353 3122 424 3168 cum
456 3101 549 3168 Surio
581 3108 708 3168 secutus
740 3102 864 3185 Sigonii
895 3102 1129 3186 auctoritatem,
1167 3101 1202 3166 in
1232 3103 1306 3170 Not.
1339 3101 1382 3168 ad
1414 3101 1446 3168 d.

232 3209 283 3274 30.
306 3205 440 3288 August.
473 3203 558 3288 quod
590 3203 717 3290 scripsit
743 3211 775 3271 et
796 3205 996 3272 Justinianus
1028 3204 1250 3288 corrigendum
1277 3205 1380 3292 duxit,
1413 3205 1447 3272 id

232 3307 384 3392 deinceps
415 3296 674 3375 correctum‘est.
720 3309 801 3376 Nam
825 3309 854 3374 si
876 3309 1013 3374 Bononii
1045 3315 1117 3374 acta
1144 3314 1314 3395 testantur,
1345 3309 1447 3395 ipsius

231 3410 492 3497 approbationem
514 3410 625 3496 paucis
646 3415 721 3496 post
736 3409 869 3477 mortem
892 3411 1004 3477 diebus
1027 3411 1144 3478 factam
1166 3433 1238 3480 esse
1253 3433 1311 3498 per
1325 3414 1447 3498 Papam

232 3514 409 3599 Ioannem,
445 3513 505 3582 hoc
532 3515 633 3598 (iuxta
663 3489 828 3597 vulgarem
860 3514 1048 3580 numerandi
1079 3516 1147 3582 eius
1178 3516 1316 3582 nominIs
1341 3515 1448 3582 Ponti·

233 3618 309 3686 fices
331 3617 440 3704 usum)
466 3616 588 3685 Joanni
609 3617 700 3684 XIX.
724 3618 784 3685 erit
804 3617 1046 3704 vindicandum,
1079 3640 1140 3703 quo
1167 3626 1323 3702 regnante
1345 3619 1446 3688 Bouo-

235 3723 307 3788 nius
330 3721 417 3788 obiit.

337 3825 608 3911 Decimoseptimo
626 3825 699 3891 Kal.
715 3827 885 3895 Novembr.
906 3832 1086 3894 sauctorum
1106 3825 1289 3893 Martiniani
1308 3833 1340 3894 et
1355 3826 1446 3894 Satu-

232 3928 314 3994 riani
335 3950 406 3996 oum
429 3929 552 3996 duobus
579 3949 688 3995 eorum
718 3927 867 3996 fratribus
898 3937 1043 4015 tempore
1075 3929 1270 3997 Vandalicas
1300 3951 1447 4016 persecu·

232 4033 328 4098 tionis
356 4034 415 4099 sub
443 4032 606 4100 Gciserico
629 4053 649 4098 a
671 4031 705 4097 S.
729 4033 870 4099 Maxima
900 4033 1024 4117 virgine
1046 4034 1089 4100 ad
1113 4033 1229 4100 OhrIsti
1255 4033 1351 4100 fidem
1374 4055 1447 4101 con-

232 4152 396 4222 versorum
423 4137 469 4203 ita
490 4137 525 4202 fit
546 4137 677 4220 mentio,
712 4136 804 4202 utin
832 4138 1054 4222 compendium
1084 4135 1215 4203 redacta
1241 4138 1283 4204 sit
1308 4139 1447 4206 narratio

232 4239 369 4306 Victoris
397 4241 539 4307 Vitensis
550 4241 573 4327 ¹)
607 4240 763 4324 simulque
789 4239 902 4307 horum
934 4241 1077 4308 eiusdem
1099 4240 1254 4306 habeatur
1275 4239 1356 4307 ratio
1377 4261 1447 4308 ver·

232 4343 344 4410 borum
375 4335 543 4428 specialis:
583 4343 728 4430 ,Mittrmt
759 4344 884 4428 legatos
912 4365 969 4429 per
994 4345 1110 4413 itinera
1141 4345 1281 4412 distenta
1313 4345 1446 4430 deserti,

232 4446 414 4533 pervenitur
444 4446 574 4512 tandem
605 4447 648 4513 ad
679 4447 840 4515 civitatem
871 4441 1079 4533 Romanam}
1105 4454 1236 4532 rogatur
1267 4449 1445 4534 episcopus,

232 4557 267 4616 ut
289 4551 509 4636 presbyterum
536 4571 575 4616 ae
597 4551 758 4616 ministros
786 4549 928 4616 credenti
957 4553 1075 4638 populo
1102 4551 1286 4618 destinaret.
1331 4552 1448 4638 Expiet

233 4673 304 4720 cum
336 4653 455 4740 gaudio
486 4654 571 4738 quod
601 4654 769 4740 petebatur
800 4654 998 4742 pontifex“⁹)
1030 4663 1089 4723 etc.
1135 4655 1186 4722 Ad
1219 4656 1447 4723 consulendum

233 4764 338 4825 autem
386 4757 560 4842 integritati
605 4756 740 4825 Romani
781 4757 1000 4843 Martyrologii
1042 4759 1196 4828 adversus
1241 4781 1447 4849 quascunque
