3350 5484
808 267 900 368 oe'

217 453 361 520 Romano
391 452 619 537 Martyrologio
647 452 801 538 producta
825 453 1029 539 Sanctorum,
1066 456 1119 540 qui
1143 457 1432 542 supremumdion

219 559 251 624 in
275 558 411 629 Domino
440 557 634 641 clauserunt,
670 573 766 640 quum
793 557 898 624 adhuc
925 559 1079 625 vetustior
1100 560 1157 624 illa
1179 559 1220 626 de
1243 559 1456 628 Sanctorum

219 663 461 728 canonizatione
499 662 623 744 vigeret
659 661 842 748 disciplina,
881 665 1027 746 quamvis
1065 676 1173 730 eorum
1197 665 1309 752 cultus
1343 673 1433 731 extra

218 765 311 831 unius
345 767 395 833 vel
431 766 560 832 alterius
598 765 764 832 Dioecesis
802 765 881 832 fines
919 789 1090 852 numquam
1127 776 1296 855 protensus
1330 771 1433 836 fuerit.

218 871 298 936 Nam
332 869 522 937 Benedictus
557 869 629 950 sibi¹
650 876 875 956 proposuerat,
909 873 998 938 utin
1025 872 1213 940 adornanda
1242 895 1327 941 nova
1351 877 1431 941 llar-

120 965 123 984 '
218 975 368 1058 tyrologii
396 973 536 1040 editione
565 973 704 1040 salvaret
732 981 897 1041 anteactas
920 975 1063 1042 eiusdem
1091 979 1304 1046 correctiones
1327 1001 1433 1046 serva-

219 1085 329 1160 retque
361 1078 489 1162 regulas
516 1084 590 1163 post
616 1078 688 1143 illas
720 1079 961 1146 emendationes
993 1086 1139 1148 statutas.
1184 1083 1303 1150 Atvcro
1330 1104 1433 1150 reces-

219 1184 315 1248 sisset
337 1204 358 1248 a
379 1182 575 1268 praestitutis
603 1182 722 1265 regulis
746 1189 778 1248 et
800 1189 892 1248 extra
917 1185 1024 1249 tritam
1056 1187 1202 1252 semitam
1227 1187 1325 1253 —id
1348 1190 1433 1272 quod
1505 1195 1507 1198 ’

220 1286 384 1350 noluit-
407 1285 522 1370 pedem
546 1286 725 1371 extulisset,
749 1285 777 1352 si
799 1294 854 1351 aut
876 1287 1045 1354 Beatorum
1069 1290 1210 1374 nomina,
1238 1299 1293 1357 ant
1314 1314 1434 1360 memo-

218 1389 299 1454 riam
333 1389 520 1455 Sanotorum
556 1390 609 1474 qui
643 1391 732 1456 iuxta
764 1396 905 1457 veterem
943 1392 1106 1460 Ecclesiae
1140 1395 1234 1460 ritum
1256 1397 1314 1496 pel
1343 1397 1433 1462 iuxta

218 1502 376 1560 recentem
415 1494 580 1560 Ecclesiae
617 1494 819 1582 disciplinam
854 1495 887 1560 in
922 1495 1084 1563 (lunonem
1122 1498 1214 1564 relati
1251 1519 1316 1566 non
1349 1508 1433 1583 sunt,

220 1597 363 1663 Romano
386 1597 615 1683 Martyrologio
638 1598 865 1684 inscripsisset.

773 2023 887 2106 LIX.

323 2311 494 2379 Praeclara
525 2312 670 2398 Epistola
697 2313 738 2378 ad
765 2313 923 2380 Joannem
947 2314 986 2379 V.
1018 2313 1095 2380 data
1127 2335 1209 2400 quae
1241 2324 1292 2384 sat
1319 2317 1435 2384 multas

220 2417 331 2503 implet
351 2417 505 2503 paginas,
537 2415 613 2482 inde
635 2437 655 2482 a
676 2439 708 2487 n.
731 2417 811 2483 XIX
834 2419 897 2482 iam
920 2417 953 2483 in
976 2439 1014 2486 eo
1037 2426 1196 2506 versatur,
1229 2427 1263 2487 ut
1284 2421 1433 2488 emenda-

219 2523 323 2588 tiones
351 2521 473 2606 aliquot
498 2521 637 2588 looorum
666 2520 884 2606 Martyrologii
908 2541 929 2586 a
950 2522 1027 2589 viris
1051 2521 1152 2589 doctis
1175 2525 1356 2611 propositas
1380 2546 1435 2591 cx-

222 2625 321 2692 cutiat
353 2631 385 2690 et
416 2625 573 2711 speciales
607 2624 648 2692 de
680 2625 853 2692 Clementis
887 2626 1112 2712 Alexandrini,
1151 2627 1278 2714 Sulpitii
1313 2629 1434 2714 Severi,

221 2729 395 2814 Theodori,
429 2728 534 2794 Sirioii
556 2729 747 2796 nominibus'
764 2728 917 2796 diiudicet
943 2732 1186 2797 controversias.
1232 2731 1346 2810 Quoad
1369 2733 1435 2816 qui-

220 2833 293 2899 dem
318 2832 528 2916 Clementem,
563 2853 759 2919 magnopere
786 2832 957 2900 dolendum
981 2835 1078 2922 est,¹)
1112 2855 1173 2902 nec
1194 2843 1335 2903 veterum
1360 2839 1435 2904 sori·

220 2945 345 3024 ptorum
374 2936 415 3003 de
437 2936 579 3020 theologi
609 2935 819 3002 Alexandrini
851 2937 1020 3004 sanctitate
1048 2946 1081 3004 ct
1107 2939 1251 3006 doctrina
1282 2940 1437 3026 suffragia

221 3063 281 3108 nec
295 3041 525 3127 Martyrologia
540 3028 687 3125 Usuardi,
708 3041 892 3126 Maurolyei,
917 3041 1081 3128 Galesinii,
1105 3043 1248 3129 aliorum,
1273 3045 1436 3129 inquibus

222 3151 338 3229 quarta
360 3145 547 3212 Decembris
571 3145 623 3210 die
647 3146 783 3211 occurrit
804 3146 958 3210 memoria
974 3145 1006 3211 S.
1024 3145 1206 3233 Clementis,
1228 3148 1436 3216 Benedictum

220 3248 387 3314 induxisse
408 3247 441 3313 in
465 3247 655 3313 sententiam
679 3269 797 3333 eorum,
821 3249 875 3332 qui
898 3249 1070 3316 Clementis
1092 3271 1209 3318 nomen
1232 3273 1252 3318 a
1275 3251 1436 3320 Correcto·

224 3354 312 3419 ribus
335 3352 394 3418 sub
417 3351 572 3435 Gregorio
588 3351 682 3418 Xlll.
707 3359 897 3439 expunctum
921 3353 953 3418 in
975 3354 1237 3440 Martyrologium
1258 3357 1435 3423 Romanum

222 3463 335 3544 putant
367 3477 440 3524 esse
473 3455 714 3522 restituendum.
768 3457 804 3522 In
838 3457 1054 3524 controversia
1087 3466 1193 3526 autem
1227 3458 1267 3526 de
1300 3460 1436 3548 Sulpitio

223 3562 343 3628 Severo
379 3557 527 3627 Summus
561 3559 709 3626 Pontifex
741 3560 782 3625 ab
814 3561 971 3644 obloquiis
1007 3563 1139 3656 istorum
1172 3563 1227 3646 qui
1260 3563 1435 3650 impensius

223 3667 442 3751 Gregorianae
464 3666 574 3732 favent
597 3665 828 3750 emendationi,
861 3665 1002 3732 vindicat
1024 3667 1171 3752 Elogium
1192 3689 1223 3734 a.
1248 3667 1279 3734 d.
1303 3673 1355 3737 29.
1378 3670 1436 3736 Ja-

223 3771 330 3838 nuarii
363 3776 557 3838 contractum
584 3789 642 3856 per
668 3769 889 3855 Martyrologii
921 3770 980 3836 sub
1008 3771 1139 3838 Urbano
1160 3771 1247 3838 Vlll.
1274 3772 1436 3840 Reforma-

222 3883 308 3943 tores
335 3883 575 3962 praeposteram
601 3893 813 3959 personarum
842 3873 1112 3961 commixtionem,
1146 3896 1229 3960 quae
1252 3896 1271 3942 a
1294 3876 1438 3944 Guibcrti

223 3979 350 4046 Martini
373 3978 499 4046 abbatis
522 3977 765 4044 (iemblaoensis
787 3977 947 4064 Apologia
969 3978 1060 4046 duxit
1082 3977 1253 4066 originem,
1285 3979 1330 4047 ita
1351 4001 1436 4048 amo.

227 4083 316 4168 litos,
348 4091 382 4149 ut
403 4082 622 4168 quaestionem
647 4081 688 4148 de
711 4083 848 4168 Sulpitio
870 4083 990 4151 Severo
1014 4084 1047 4150 S.
1069 4083 1197 4150 Martini
1225 4083 1382 4172 discipulo
1404 4085 1437 4152 in

224 4187 485 4273 Martyrologinm
507 4171 673 4252 inferendd
688 4186 730 4253 ad
747 4207 882 4254 examen
904 4209 967 4254 non
982 4195 1147 4272 vocarent,
1171 4187 1230 4253 scd
1251 4189 1435 4274 ambiguam

225 4292 450 4375 relinquerent.
494 4289 545 4356 Ad
569 4288 769 4356 Theodorum
799 4312 874 4358 vero
902 4291 986 4376 quod
1009 4291 1136 4374 attinet,
1172 4291 1261 4357 cuius
1284 4311 1439 4379 expressa

224 4396 259 4462 fit
281 4395 399 4462 mentio
421 4393 454 4459 in
477 4394 606 4479 gemino
622 4395 849 4479 Martyrologio
871 4396 1065 4481 Florentino,
1089 4395 1189 4462 altero
1204 4396 1314 4481 Magni
1337 4397 1438 4468 Ducis

225 4500 381 4583 Etruriae,
405 4499 505 4565 altero
522 4497 686 4566 Senatorio
709 4497 841 4592 Stronzi,
866 4505 975 4566 contra
997 4499 1262 4586 Bollandianosl)
1285 4492 1438 4570 mirantes

224 4605 320 4671 nullis
353 4603 425 4669 aliis
456 4601 563 4688 fastis,
598 4600 736 4668 maxime
763 4603 930 4690 Romanis,
965 4605 1109 4672 ciusdem
1141 4605 1302 4672 Theodori
1329 4607 1438 4694 Papae

175 4768 179 4773 .
224 4727 340 4775 nomen
362 4708 516 4773 insertum
538 4705 680 4792 reperiri,
704 4713 812 4773 monet
826 4708 1028 4795 Benedictus,
1053 4709 1254 4776 Gorrcctores
1276 4709 1438 4776 Romanos
