3350 5484
679 362 831 433 570

309 514 332 584 ³)
350 515 447 582 Nuper
470 513 584 568 tandem
607 512 685 568 facta
712 509 846 570 Maeotii
866 511 1018 584 Magnetes
1046 513 1135 566 editio
1164 509 1358 584 (Ἀποκριτικός
1379 515 1414 572 cd

204 597 341 655 Blondcl.
364 600 454 656 Paris.
474 601 552 669 1876)
575 615 619 653 me
637 599 745 654 inducit
762 599 800 653 ad
817 595 1075 654 transscribendam
1092 598 1148 652 huc
1166 599 1415 656 decimamtertiam

202 685 302 742 Soriae
319 687 348 741 in
365 687 454 756 priori
473 686 597 755 epistola
615 686 811 754 quaestionem
828 686 869 739 ita
887 689 1066 754 conceptam:
1095 685 1179 750 ,Quis
1196 686 1282 742 fuerit
1298 687 1415 757 Magnes

202 773 412 828 ecclesiasticus
430 775 532 825 auctor
550 775 578 824 et
590 770 618 824 ni
631 771 715 826 fallor
732 772 948 841 vetustissimus,
967 771 1015 840 qui
1033 770 1228 843 Theostenem,
1246 773 1416 844 Evangelio-

202 876 263 913 rum
288 859 534 927 calumniatorem,
561 857 708 913 laboribus
733 857 922 928 apologeticis
947 859 1146 927 oppugnavit?
1182 859 1321 930 Magnetis
1344 861 1416 915 enim

202 961 303 1002 nomen
322 963 395 1002 unus
413 944 540 1000 celebrat
561 942 740 1014 Tamaros,
756 949 815 998 turn
834 943 902 999 alibi
921 960 1020 1014 saepe,
1046 948 1106 998 tum
1123 960 1194 1000 vero
1213 951 1313 1002 contra
1330 947 1417 1001 Vola-

202 1049 280 1103 num,
307 1039 336 1088 et
353 1039 385 1088 ut
403 1035 441 1088 ad
462 1048 516 1103 me,
534 1047 608 1102 quae
626 1031 679 1086 fuit
697 1032 752 1086 viri
770 1031 967 1100 sapientissimi
991 1031 1144 1100 singularis
1168 1031 1341 1104 humanitas,
1367 1033 1417 1088 ali-

203 1120 317 1188 quando
341 1119 502 1190 rescripsit,
528 1123 621 1174 exstat
642 1119 727 1173 modo
745 1119 774 1172 in
791 1116 969 1172 Bibliotheca
992 1113 1153 1172 Marciana
1177 1119 1254 1188 apud
1277 1119 1417 1189 Venetos,

202 1205 353 1273 notarique
378 1205 491 1261 dicebat
512 1207 541 1260 in
560 1202 723 1274 αὐτογράφῳ
746 1205 906 1274 Magnetem
929 1219 985 1272 quo
1008 1203 1118 1258 demum
1143 1207 1257 1261 saeculo
1277 1211 1306 1260 et
1324 1211 1418 1262 aetate

202 1291 337 1346 floruerit.
373 1292 486 1347 Utinam
505 1293 539 1362 ei,
559 1292 636 1361 quod
653 1292 688 1345 D.
707 1289 808 1346 Isidori
828 1287 991 1345 Pelusiotae
1009 1289 1159 1361 Epistolis,
1183 1291 1349 1348 beneficium
1368 1293 1417 1348 ob·

203 1379 328 1450 tigissct3
350 1369 499 1434 nossemus
517 1377 651 1432 videlicet
668 1365 808 1432 hominem
826 1377 862 1432 de
880 1377 962 1447 facie,
979 1389 1032 1431 nec
1049 1393 1151 1446 parum
1168 1379 1314 1434 Ecclesiae
1332 1379 1418 1434 histo-

203 1465 264 1520 riae
291 1465 441 1520 veritatem
468 1463 682 1534 promovissett‘
729 1460 883 1519 Beronices
910 1468 1005 1518 autem
1031 1464 1060 1518 in
1086 1480 1225 1534 responso
1252 1482 1322 1520 suo:
1360 1467 1418 1535 ,De

203 1553 362 1623 Magnete,“
391 1552 494 1622 inquit,
523 1555 651 1617 ,exstare
669 1551 807 1606 dicuutur
831 1551 891 1605 eius
917 1544 1025 1620 scripta
1045 1551 1075 1604 iu
1098 1551 1277 1608 Bibliotheca
1299 1553 1419 1623 Veneta,

204 1637 232 1690 in
251 1642 350 1692 nostra
368 1643 462 1692 autem
480 1639 640 1708 fragmenta
658 1641 775 1692 tantum.
812 1638 886 1692 Ante
904 1651 994 1692 annos
1018 1637 1219 1708 septingentos
1232 1655 1295 1711 eum
1313 1640 1419 1694 vixisse

189 1727 350 1794 putamus,
377 1724 444 1778 licet
466 1725 515 1778 alii
539 1724 576 1778 ad
600 1725 762 1792 antiquiora
786 1740 850 1778 eum
872 1727 1009 1778 revocent
1034 1727 1189 1792 tempor·a.“
1227 1726 1322 1780 Inruit
1343 1726 1419 1796 trag·

204 1815 307 1880 menta,
326 1826 400 1880 quae
417 1826 474 1864 una
493 1825 556 1864 cum
574 1809 636 1863 aliis
655 1809 801 1864 codicibus
818 1807 947 1864 Achillea
965 1806 1083 1866 Statius
1101 1811 1210 1881 legavit
1228 1809 1420 1867 bibliothecae

210 1893 430 1952 Valticcllanae.
467 1895 523 1952 Otr.
546 1896 643 1950 Thom.
668 1895 792 1963 Rosius,
820 1898 863 1952 De
883 1897 970 1967 signis
993 1896 1062 1951 eccl.
1081 1897 1134 1952 Dei
1158 1897 1206 1952 lib.
1225 1897 1294 1953 XIV
1313 1913 1376 1966 cap.
1394 1898 1419 1952 6.

204 1984 313 2038 Romae
332 1984 408 2038 1591.
426 1987 445 2039 t.
464 1983 501 2038 ΙΙ.
520 2000 547 2052 p.
566 1982 600 2037 74
626 1983 733 2051 (‚,Haec
756 1985 873 2055 Magnes
896 1998 979 2053 quem
1005 1983 1160 2040 Turrianus
1184 1983 1286 2055 refert,
1313 1985 1420 2039 eteius

205 2086 257 2126 nos
281 2071 378 2140 aliqua
402 2071 561 2140 fragmenta
585 2068 722 2124 habemus
739 2069 769 2122 iu
786 2068 960 2125 bibliotheca
983 2069 1102 2124 Achillis
1126 2069 1209 2126 Statii
1232 2087 1306 2140 quae
1329 2070 1419 2126 secuti

206 2160 331 2226 sumus“)
345 2161 373 2213 et
384 2155 540 2212 Ducbcsnc
551 2157 595 2212 De
606 2157 732 2210 Macerio
744 2157 876 2226 Magnete
886 2160 915 2212 et
924 2156 1043 2226 Scriptis
1055 2156 1124 2210 eius.
1143 2157 1259 2212 Parisiis
1270 2158 1345 2213 1877.
1358 2175 1384 2228 p.
1395 2159 1420 2214 7.

313 2245 333 2313 ’)
358 2245 466 2300 Eodem
493 2245 538 2299 die
561 2243 711 2298 translatio
739 2244 830 2299 sancti
857 2244 961 2314 Ignatii
990 2241 1117 2312 episcopi
1142 2247 1170 2297 et
1192 2240 1341 2313 martyris,
1372 2244 1421 2312 qui

205 2331 306 2386 tertius
335 2335 403 2400 post
432 2331 547 2386 beatum
576 2331 693 2385 Petrum
722 2330 891 2400 Apostolum
920 2329 1127 2384 Antiochenam
1155 2330 1229 2384 rexit
1258 2329 1420 2386 ecclesiam:

206 2419 286 2472 cuius
306 2433 411 2486 corpus
429 2417 465 2472 ab
484 2417 555 2471 urbe
572 2417 676 2486 Roma,
702 2417 753 2472 ubi
770 2417 832 2486 ipse
850 2416 903 2471 sub
921 2417 1045 2472 Traiano
1070 2431 1172 2486 passus
1190 2416 1296 2486 fuerat,
1322 2415 1421 2469 Antio-

207 2504 297 2559 chiam
321 2501 461 2574 delatum,
488 2507 569 2558 extra
590 2507 702 2571 portam
726 2502 927 2572 Daphniticam
943 2504 972 2558 in
992 2503 1162 2559 coemeterio
1184 2503 1322 2559 ecclesiae
1346 2501 1421 2572 posi-

205 2595 265 2646 tum
282 2591 343 2646 fuit.

312 2675 333 2744 ὅ)
350 2677 493 2732 Massiliae
509 2677 538 2731 iu
551 2676 645 2732 Gallia
662 2677 740 2732 beati
758 2678 859 2732 Lazari
877 2676 1013 2746 episcopi,
1031 2692 1114 2746 quem
1133 2676 1270 2731 Dominus
1287 2675 1316 2728 in
1328 2675 1421 2730 Evan-

207 2763 283 2833 gelio
302 2779 320 2818 a
337 2764 455 2818 mortuis
474 2764 626 2818 suscitasse
643 2765 756 2834 legitur.

314 2848 335 2919 ⁶)
353 2850 481 2906 Jacobus
504 2850 553 2919 qui
571 2854 600 2904 et
617 2849 706 2904 frater
728 2849 840 2904 Domini
864 2851 968 2920 legitur
987 2849 1139 2918 et'primus
1161 2847 1422 2919 Hierosolymorum

208 2937 374 3007 episcopus,
401 2937 522 3006 epinna
544 2935 641 3006 templi
663 2937 882 3007 praecipitatus,
909 2937 1061 3012 confractis
1086 2935 1229 3004 cruribus,
1247 2919 1290 2989 'ac
1308 2935 1422 2989 fullonis

208 3024 283 3078 fuste
300 3025 329 3078 in
348 3025 467 3080 cerebro
486 3039 638 3093 percussus
656 3023 770 3094 interiit,
788 3024 885 3094 ibique
903 3040 960 3079 non
977 3023 1063 3094 longe
1076 3038 1094 3076 a
1105 3022 1211 3091 templo
1231 3020 1359 3089 sepultus
1371 3023 1422 3076 cst.

314 3109 335 3180 ⁷)
354 3111 420 3165 etsi:
440 3110 550 3180 ,Scio,“
569 3110 675 3179 inquit,
695 3109 857 3181 ,equidem
875 3126 932 3179 quo
951 3110 1014 3169 sint,
1025 3109 1102 3179 apud
1119 3112 1148 3162 te
1166 3108 1230 3162 loco
1250 3105 1423 3161 Clementina

209 3213 311 3268 opera,
339 3195 573 3267 constitutiones,
601 3196 745 3266 Ganones,
771 3196 934 3267 Epistolae,
961 3197 1080 3251 maxime
1098 3211 1169 3250 vcro
1187 3193 1423 3263 Recognitionum

208 3283 363 3340 volumina.
404 3283 483 3348 Quae
513 3289 606 3338 tamen
627 3283 690 3349 ,uiri
721 3283 875 3337 doctissimi
904 3299 962 3338 non
992 3282 1104 3336 omnino
1136 3280 1189 3334 sibi
1219 3279 1424 3334 contemnenda
1502 3319 1504 3321 »
1565 3357 1570 3368 ,
1661 3287 1662 3294 ’

208 3374 359 3440 putarunt,
378 3385 450 3439 quos
468 3369 572 3438 partim
590 3370 757 3440 Turrianus,
775 3370 879 3439 partim
897 3369 1049 3425 Gratianus
1068 3369 1270 3439 collegerunt.“

742 3755 895 3839 XLIV.

297 4033 346 4096 Ex
382 4028 604 4098 Coniectaneis
639 4035 671 4094 et
705 4027 906 4094 Adversariis
939 4027 972 4092 in
1006 4027 1108 4092 altera
1142 4024 1254 4095 Sosiae
1287 4023 1435 4110 epistola.

211 4135 313 4201 obviis
336 4135 378 4200 ab
393 4135 528 4200 instituti
550 4133 650 4199 nostri
674 4132 796 4198 ratione
819 4152 902 4216 quac
925 4135 1098 4214 sequuntur
1120 4151 1184 4195 non
1207 4135 1281 4194 sunt
1303 4127 1424 4194 aliena:

298 4238 437 4316 Quorum
461 4238 592 4302 nomina
614 4236 723 4302 ldibus
746 4235 822 4302 Maii
845 4235 1026 4318 recitantur,
1051 4233 1239 4299 Sanctorum
1261 4229 1435 4312 Torquati,

212 4340 442 4428 Ctesiphontis,
470 4339 624 4424 Secundi,
656 4339 815 4422 indaletii,
848 4339 995 4422 Caecilii,
1027 4336 1179 4423 Hesychii
1203 4342 1235 4402 et
1256 4333 1427 4420 Euphrasii

211 4446 395 4512 meminisse
418 4448 507 4510 notat
528 4441 685 4508 Baronius
708 4443 896 4526 Gregorium
917 4442 1039 4525 Papam
1063 4440 1231 4524 septimum
1255 4439 1287 4503 in
1310 4435 1427 4502 litteris

212 4549 254 4616 ad
286 4547 481 4634 Alphonsum
515 4566 624 4629 regem
658 4545 783 4630 scriptis
810 4543 901 4610 XlIl.
934 4544 1009 4610 Kal.
1042 4544 1142 4628 April.
1176 4542 1244 4610 Iud.
1271 4541 1349 4626 12¹)
1376 4539 1427 4606 his

212 4653 336 4718 verbis:
372 4651 501 4736 Septem
526 4650 693 4736 episcopos
716 4649 757 4713 ab
780 4647 858 4712 urbe
880 4648 982 4713 Roma
1004 4645 1047 4712 ad
1069 4646 1288 4712 instruendum
1312 4644 1427 4728 Hispa-

213 4757 287 4824 niae
319 4753 455 4843 populos
487 4755 627 4820 aPetro
660 4759 692 4817 et
722 4752 823 4818 Paulo
856 4751 1019 4842 Apostolis
1054 4749 1191 4816 directos
1225 4748 1340 4834 firisse,
1375 4747 1427 4830 qui
