3350 5484
810 318 852 382 80

224 467 333 550 magni
355 468 432 536 facit
452 468 616 555 Pistorius‚
640 469 700 536 etsi
722 470 864 538 laborem
887 490 950 537 non
972 472 1091 537 malum
1115 470 1353 556 diligentissimi
1377 473 1438 541 viri

224 571 309 637 haud
341 571 486 658 despicit.
532 574 643 641 Obiter
674 574 758 641 enim
773 574 848 666 ³5¹²
888 575 1125 662 „Demochares
1155 575 1267 643 Gallus
1295 582 1327 642 et
1348 577 1432 662 quin

223 676 329 760 gentis
351 677 471 743 Italicis
495 677 684 762 miliaribus,
707 698 777 744 cum
801 679 968 762 scriberet,
992 678 1127 744 anobis
1151 687 1309 766 remotus,
1332 683 1440 750 aliena

224 777 288 844 fide
310 799 498 846 excusorum
526 787 689 847 auctorum
717 783 886 866 subnixus,
922 781 1096 848 archivium
1124 781 1286 867 librosque
1312 793 1439 853 nostros

224 883 463 966 antiquissimos
491 905 531 950 ne
558 884 686 967 quidem
718 888 858 970 aspexit3
896 892 931 950 ut
952 892 1122 971 propterea
1148 907 1222 972 nos,
1256 889 1310 972 qui
1333 891 1441 956 omnia

224 1005 264 1053 ex
280 985 420 1069 antiquis
443 984 531 1052 libris
554 993 586 1052 et
608 987 725 1055 chartis
748 987 903 1055 habemus
926 991 1144 1076 explicatiora,
1167 990 1331 1058 historiam
1354 993 1439 1060 illlus

224 1088 265 1154 de
288 1089 456 1176 Episcopis
479 1091 597 1157 nostris
619 1092 920 1178 parvipendamus.“

228 1266 461 1279 ——-—

335 1365 352 1434 ¹)
379 1365 435 1422 Cfr.
463 1367 609 1431 Questioni
635 1371 771 1437 proposte
799 1383 814 1421 e
841 1368 969 1424 discusse
1001 1369 1066 1424 nell’
1095 1368 1268 1424 Accedemia
1293 1371 1441 1442 Liturgica

225 1452 309 1507 Anno
328 1451 406 1508 XVI.
442 1455 533 1508 Roma
552 1455 628 1510 1858.
645 1472 673 1525 p.
691 1455 725 1508 32
744 1470 785 1524 sq.

330 1538 351 1608 ²)
371 1538 471 1594 Sforza
489 1537 690 1611 Pullaoc'cc'uo,
717 1541 821 1596 Istoria
840 1539 885 1594 del
904 1539 1030 1596 Concilio
1050 1541 1078 1596 di
1095 1542 1200 1596 Trento
1220 1542 1264 1597 ed.
1283 1539 1440 1599 Zoccoraa.

223 1626 305 1681 Tom.
324 1626 376 1680 Ill.
395 1626 486 1681 Roma
505 1627 580 1682 1833.
598 1627 677 1698 XIV,
696 1627 742 1698 133
760 1626 868 1696 XVIII,
887 1627 920 1681 lo
937 1643 985 1696 pp.
1002 1628 1062 1682 229.
1081 1628 1140 1683 783.

331 1711 352 1780 ³)
377 1712 514 1784 theologo
540 1713 681 1782 polemico
702 1709 859 1767 'admodum
886 1713 972 1768 docto
999 1714 1051 1768 sed
1078 1715 1159 1770 nimis
1186 1716 1360 1787 vehementi,
1390 1717 1439 1786 qui

225 1799 310 1854 etiam
337 1816 431 1855 rerum
458 1799 684 1870 germanicarum
710 1804 824 1854 veteres
851 1799 1006 1870 scriptores
1033 1800 1134 1872 edidit3
1171 1801 1220 1858 cfr.
1248 1805 1283 1859 Κ.
1312 1801 1441 1873 Wemer,

224 1885 325 1941 Geseb.
344 1886 371 1940 d.
388 1883 468 1940 kath.
492 1885 648 1955 Theologie
666 1901 693 1954 p.
711 1885 736 1939 4.
757 1885 802 1956 163
832 1883 970 1954 Hortor,
992 1887 1167 1959 Iheologiae
1190 1889 1270 1946 Cath.
1289 1889 1440 1946 Saeculum

224 1973 344 2042 primum
362 1976 428 2042 post
447 1971 620 2028 celebratum
639 1970 724 2026 Cone.
743 1971 820 2026 Trid.
840 1973 994 2041 (Nomenol.
1012 1975 1097 2029 litter.
1116 1974 1194 2029 Tom.
1213 1976 1239 2040 1)
1256 1993 1283 2045 p.
1302 1977 1354 2031 308
1372 1992 1413 2045 sq.

331 2061 350 2128 ⁴)
368 2058 484 2114 Caesari
510 2058 593 2114 Card.
616 2058 741 2112 Baronio
764 2058 891 2114 Joaunes
914 2059 1072 2117 Pistoriae.
1107 2061 1151 2115 Ex
1173 2061 1341 2117 Constantia
1362 2061 1442 2121 XVI.

225 2145 290 2200 Kal.
309 2145 458 2200 Februarii
476 2161 501 2200 a.
520 2145 596 2200 1597.
631 2141 755 2200 Atheric.
775 2146 798 2216 I,
815 2147 869 2201 418
886 2163 927 2218 sq.

330 2229 350 2302 ⁶)
368 2231 424 2287 Cfr.
448 2231 494 2287 Al.
512 2227 630 2304 Littolf,
655 2232 710 2287 Die
734 2232 967 2288 Glaubensboten
989 2233 1040 2288 der
1058 2233 1184 2290 Schweiz
1208 2251 1263 2290 vor
1281 2233 1322 2290 St.
1341 2233 1440 2288 Gallus

224 2335 251 2389 p.
269 2319 322 2374 219
339 2335 380 2388 sq.
726 2383 731 2392 ,

330 2404 350 2472 “)
369 2390 425 2459 Οΐτ.
445 2399 554 2475 Gamo,
580 2404 674 2460 Series
691 2405 899 2475 Episcoporum
917 2406 1064 2462 Ecclesiae
1083 2406 1256 2462 Catholicae.
1292 2407 1441 2462 Ratisbon.

756 2881 910 2967 XLIX.

328 3174 430 3252 Quem
471 3194 569 3260 snpra
601 3173 701 3238 XXX
735 3171 846 3238 ultimo
880 3173 950 3240 loco
984 3175 1244 3256 memoravimus,
1283 3171 1441 3256 Georgius

225 3279 441 3362 Colvenerius‚
465 3277 645 3344 Duaoensis
668 3276 855 3343 academiae
877 3277 1040 3362 professor
1062 3283 1094 3342 et
1115 3281 1189 3361 post
1202 3275 1283 3342 usui
1307 3282 1441 3342 mortem

223 3380 477 3465 cancellarius,¹)
512 3379 562 3445 cui
589 3400 720 3465 operum
748 3380 873 3445 Rabaui
900 3380 1003 3446 Mauri
1030 3387 1062 3446 et
1084 3378 1258 3446 Flodoardi
1289 3378 1441 3446 historiae

223 3485 390 3551 Remensis
423 3482 579 3549 ecclesiae
612 3483 769 3550 editiones
802 3482 970 3566 debemus,
1004 3484 1037 3548 in
1068 3483 1178 3548 limine
1210 3483 1386 3549 litterarum
1409 3481 1440 3548 d.

223 3595 253 3657 3.
276 3588 380 3654 Martii
415 3589 498 3654 1597
533 3585 679 3654 datarum
712 3608 753 3654 ex
787 3587 1008 3673 Martyrologii
1041 3585 1176 3654 Romani
1210 3606 1280 3653 curn
1313 3587 1441 3653 Baronii

223 3691 416 3759 doctissimis
447 3691 531 3756 notis
562 3711 601 3758 ac
632 3698 756 3778 septem
788 3691 960 3758 Annalium
993 3697 1149 3758 tomorum
1181 3693 1318 3758 lectione
1349 3692 1381 3756 in
1405 3713 1439 3758 s.

221 3795 402 3879 theologiae
440 3796 545 3862 studio
583 3801 615 3863 et
651 3795 850 3880 professIone
887 3795 1018 3861 multum
1052 3815 1088 3861 sc
1114 3795 1289 3881 profecisse
1325 3793 1442 3862 fatetur

223 3906 333 3983 gratus
375 3904 608 3984 expertusque,
654 3898 839 3982 theologum
877 3901 947 3966 sine
984 3897 1117 3965 historia
1159 3900 1318 3966 infantem
1356 3919 1440 3965 esse.

222 4006 449 4086 Praeterquam
483 4010 589 4070 autem
623 4001 709 4086 quod
740 4001 946 4068 dilucidanda
973 4023 1042 4068 cum
1066 4002 1208 4069 Beronio
1240 4001 1362 4070 confert
1383 4002 1440 4068 ali·

222 4114 299 4193 quot
330 4114 492 4174 momenta
526 4128 566 4173 ex
600 4106 777 4173 Annalibus
812 4113 976 4192 excerpta,
1015 4105 1096 4173 duas
1130 4107 1225 4174 etiam
1259 4127 1329 4174 cum
1360 4107 1442 4172 llar-

222 4211 381 4299 tyrologio
412 4230 575 4277 connexas
610 4209 796 4297 perstringit
830 4213 1045 4294 quaestiones.
1098 4211 1136 4275 In
1167 4231 1232 4276 una
1264 4211 1370 4294 agitur
1400 4208 1442 4274 de

222 4316 255 4382 S.
279 4316 409 4400 Ursula,
443 4315 476 4382 in
498 4315 600 4382 altera
625 4334 702 4380 vero
730 4311 772 4380 de
794 4319 923 4380 auctore
952 4311 1103 4379 librorum
1126 4312 1167 4380 de
1192 4313 1271 4381 Vitis
1293 4314 1434 4380 Petrum.

222 4419 337 4498 Quoad
368 4419 521 4506 priorem,
558 4418 714 4484 Batonius
746 4417 779 4483 in
810 4418 895 4483 notIs
927 4414 970 4481 ad
1000 4421 1124 4483 textum
1157 4419 1189 4485 d.
1217 4423 1270 4486 21.
1294 4417 1442 4486 Octobris

222 4523 353 4612 („Apud
394 4522 558 4589 Coloniam
601 4521 814 4607 Agrippinam
856 4518 973 4586 numlis
1017 4527 1199 4588 sanctarum
1235 4519 1372 4588 Ursulue
1409 4527 1442 4588 et

222 4629 379 4703 sociarum
407 4626 490 4711 eius,
526 4645 609 4708 quae
631 4646 690 4711 pro
713 4623 887 4690 christiana
918 4622 1074 4706 religione
1097 4631 1129 4689 et
1151 4623 1344 4707 virginitatis
1368 4645 1443 4692 con·

222 4733 341 4800 stantia
372 4732 413 4798 ab
447 4725 568 4796 Huuuis
605 4726 805 4813 interfectae,
844 4726 996 4813 martyrio
1030 4729 1128 4796 vitam
1164 4733 1443 4795 consummarunt:
