3350 5484
828 377 883 444 99,

244 544 281 611 P.
306 541 413 608 Victor
433 536 475 603 de
497 531 587 601 Buck
609 552 628 599 e
651 529 812 598 Societnte
838 530 931 616 Jesu,
965 529 999 596 in
1026 530 1276 618 archaeologicis
1308 535 1456 621 disquisi-

246 646 386 713 tionibus
425 637 722 722 exercitatissimus,
760 635 1026 702 Observationum
1062 637 1102 702 de
1134 635 1251 721 phialis
1288 641 1456 710 rubricatis

246 752 360 838 quihus
375 750 549 834 Martyrum
564 745 777 811 Romanorum
801 741 947 826 sepulcra
970 739 1115 826 dignosci
1139 741 1285 809 dicontur
1306 749 1456 831 auctor,³)

245 876 330 923 anno
359 857 441 921 1867
468 851 501 916 in
528 848 688 915 volumine
719 845 907 913 duodecimo
934 845 1083 912 Actorum
1116 845 1302 912 Sanctorum
1331 849 1457 915 Bollan·
1552 861 1555 867 ’

166 943 167 950 ‘
246 960 361 1025 urenae
386 952 589 1022 correctionis
612 951 654 1016 aa
677 949 761 1016 utem
781 953 833 1017 29.
851 947 996 1015 catonus
1020 952 1278 1016 commentarium
1303 952 1458 1020 cerussa

247 1065 317 1143 „De
349 1061 386 1127 S,
409 1055 550 1123 Eusebia
582 1051 713 1139 Virgine
745 1052 830 1119 culta
861 1059 895 1118 ut
925 1061 1065 1138 martyre
1098 1052 1248 1135 Bergomi
1279 1053 1310 1120 in
1344 1057 1455 1122 ltalia“

245 1165 430 1250 inscriptum
458 1161 490 1226 in
517 1179 619 1243 coque
651 1157 742 1244 plurd
768 1155 985 1240 congessisset
1018 1163 1219 1240 argumenta,
1257 1159 1370 1242 quibus
1392 1167 1457 1226 tam

144 1305 146 1312 ⁴
247 1272 280 1338 S.
303 1268 476 1336 Eusebiam
505 1284 599 1348 quam
623 1261 682 1328 SS.
705 1261 865 1326 Domuum
893 1266 925 1324 et
946 1260 1158 1327 Domnionem
1189 1271 1345 1348 martyres
1373 1254 1484 1331 haud'

246 1395 320 1443 esse
350 1372 519 1440 videbatur
548 1367 610 1434 sibi
640 1365 854 1452 persuasisse,
889 1384 927 1430 ac
949 1361 1048 1430 dubia
1079 1366 1257 1432 saltemde
1279 1368 1458 1436 traditionis

247 1475 391 1562 martyrii
412 1473 610 1558 genuinitate
631 1469 798 1551 movisset,
823 1467 985 1534 definitivo
1008 1475 1114 1535 tamen
1139 1469 1199 1536 hac
1221 1469 1319 1538 dere
1341 1473 1458 1540 iudicio

249 1582 281 1648 S.
299 1575 547 1664 congregationi
569 1571 695 1640 Rituum
719 1572 863 1656 remisso,
886 1573 923 1637 R.
939 1573 980 1638 D.
997 1573 1108 1638 Petrus
1131 1571 1272 1642 Aleisius
1296 1575 1468 1662 Speranza*

250 1686 424 1771 Episcopus
440 1678 665 1763 Bergomensis
688 1697 813 1744 omnem
835 1676 980 1742 adhibuit
994 1695 1111 1760 curam,
1134 1685 1168 1742 ut
1183 1698 1265 1760 quae
1280 1680 1313 1744 in
1329 1681 1459 1747 dubium

247 1789 353 1876 posita
367 1785 493 1852 fuerant
511 1783 665 1849 adversus
681 1781 907 1863 Bergomensis
928 1779 1083 1846 ecelesiae
1104 1781 1305 1850 traditionem
1321 1785 1354 1850 in
1370 1806 1461 1852 suam

247 1895 348 1960 lucem
380 1889 633 1970 restituerentur,
668 1885 787 1952 veritus
811 1905 851 1951 ne
875 1904 931 1970 per
958 1884 1139 1970 opinionem
1162 1886 1195 1952 in
1218 1888 1306 1954 Actis
1335 1890 1461 1956 Bollan-

250 1995 353 2062 dianis
387 1997 545 2060 assertam
578 1989 765 2057 scandalum
799 1989 966 2056 afferretur
999 1987 1146 2066 fidelibus
1179 1991 1241 2056 sibi
1273 1993 1462 2080 commissis,

250 2099 304 2182 qui
319 2097 377 2168 SS.
394 2096 574 2179 Eusebium,
598 2095 756 2190 Domnym
781 2100 813 2159 et
834 2094 1046 2159 Domnionem
1061 2092 1214 2159 'Civitatis
1236 2095 1462 2179 Bergcmensis

251 2209 400 2288 patronos
431 2200 534 2265 minus
565 2199 758 2285 principales
789 2197 909 2280 insigni
940 2196 1119 2264 devotionis
1146 2217 1185 2264 ac
1206 2198 1335 2291 pietatis
1365 2220 1462 2266 sensu

223 2292 225 2296 ’
249 2307 405 2388 honorare
426 2308 667 2372 consueverunt.
704 2303 814 2385 ltaque
836 2301 1123 2386 postquam‘Petro
1146 2301 1298 2387 Uecellio,
1323 2304 1377 2387 qui
1398 2305 1463 2370 iam

249 2411 342 2478 annis
366 2413 449 2476 1850
473 2413 505 2475 et
529 2409 610 2474 1851
634 2405 697 2474 duo
723 2406 874 2472 emiserat
900 2404 1053 2490 opuscula
1077 2404 1180 2490 „Dell'
1203 2406 1389 2474 autenticita
1411 2408 1464 2474 dei

250 2517 337 2600 corpi
361 2535 378 2579 e
402 2514 489 2596 degli
512 2513 570 2578 atti
592 2511 645 2578 dei
668 2511 759 2576 Santi
781 2509 903 2576 Martini
924 2511 1128 2593 Domneone,
1154 2511 1278 2575 Domno
1301 2510 1343 2576 ed
1365 2512 1464 2579 Euse-

253 2620 341 2702 bia“,
386 2617 606 2700 quaestionem
643 2614 747 2680 denuo
786 2613 1007 2680 excutiendam
1050 2611 1257 2697 delegaverat
1294 2615 1464 2699 omniaque

251 2723 441 2788 documenta
468 2726 500 2786 et
526 2718 700 2802 scripturas
727 2716 771 2782 ad
798 2715 993 2800 probandam
1021 2716 1250 2800 genuinitatem
1283 2719 1464 2788 traditionis

251 2824 501 2909 Bergomatium,
522 2821 656 2887 idoneas
690 2821 878 2904 collegerat,
922 2827 1083 2906 praetatus
1116 2817 1293 2907 Episcopus
1311 2827 1312 2830 ’
1328 2824 1463 2909 supplici

251 2929 327 2997 dato
353 2928 462 2996 libello
490 2927 659 2994 Sacrorum
681 2925 808 2991 Rituum
837 2924 1125 3008 congregationem
1157 2925 1236 2995 adiit
1263 2925 1467 3013 deprecatus,

254 3041 289 3102 nt
318 3034 391 3121 ipsa
420 3031 514 3099 huius
547 3029 669 3114 negotii
702 3049 837 3097 examen
872 3029 1047 3114 susciperet
1081 3050 1119 3095 ac
1150 3029 1349 3116 decerneret,
1388 3032 1464 3116 quid

253 3146 339 3206 esset
371 3136 570 3204 sentiendum
599 3123 693 3201 devi
716 3139 974 3216 argumentorum
1002 3134 1034 3198 in
1062 3133 1264 3226 Bollandiani
1296 3135 1466 3221 Scriptoris

253 3241 479 3309 commentario
502 3237 713 3324 allatorum.⁴)
751 3239 801 3303 De
825 3242 1039 3302 mercantem
1064 3236 1097 3302 S.
1122 3235 1337 3322 congregatio
1359 3245 1467 3326 votum
1589 3301 1592 3306 .

254 3345 451 3412 Consultoris
473 3344 507 3409 in
530 3343 672 3409 materiis
699 3339 951 3422 archaeologicis
979 3339 1072 3424 periti
1099 3340 1283 3427 exquisivit,
1316 3343 1370 3425 qui
1392 3343 1467 3410 inde

253 3450 441 3534 praesertim
479 3446 565 3532 quod
602 3447 684 3512 Aeta
719 3443 863 3530 martyrii
905 3449 1069 3508 exstarent
1101 3463 1122 3507 a
1155 3444 1308 3530 scriptore
1347 3447 1467 3513 saeculi

255 3551 355 3634 quinti
376 3552 428 3618 vel
450 3551 533 3618 sexti
554 3547 729 3636 repetenda
751 3547 960 3630 omnibusque
983 3545 1125 3614 veritatis
1148 3545 1318 3614 historicae
1340 3549 1467 3616 indiciis

255 3653 401 3742 praedita
431 3653 634 3720 traditionem
670 3653 803 3738 putabat
833 3653 1005 3737 genuinam
1037 3649 1237 3734 eandemque
1259 3673 1316 3738 per
1339 3653 1469 3719 saecula

255 3779 320 3826 una
351 3779 421 3824 oum
453 3757 543 3825 cultu
568 3776 741 3843 perennem
773 3762 879 3822 aetate
913 3762 1023 3822 nostra
1050 3776 1113 3821 nou
1140 3775 1237 3842 posse
1269 3755 1390 3822 destrui
1412 3778 1470 3842 per

255 3862 453 3930 coniecturas
481 3862 613 3946 carptim
643 3859 825 3946 expiscatas
857 3860 1078 3927 concludebat.
1122 3861 1219 3926 Hisce
1242 3861 1376 3944 aliisque
1399 3881 1469 3946 per-

255 3985 350 4050 quam
373 3963 495 4031 erudite
517 3965 664 4047 utrinque
686 3961 841 4048 deductis,
864 3966 897 4030 in
921 3963 1089 4030 ordinariis
1112 3964 1247 4030 comitiis
1271 3964 1304 4029 S.
1329 3963 1469 4047 Congre-

255 4068 395 4153 gatiouis
418 4067 471 4134 die
494 4073 545 4136 20.
569 4067 706 4152 Augusti
732 4069 817 4134 1870
839 4067 881 4132 ad
903 4067 1092 4134 Vaticanum
1118 4066 1235 4133 habitis
1259 4087 1396 4150 sequens
1421 4077 1471 4134 est

255 4172 451 4261 propositum
490 4171 627 4250 Dubium
666 4169 916 4256 discutiendum,
960 4163 1126 4240 nimirum:
1178 4171 1249 4257 ,An
1282 4178 1471 4254 argumenta

256 4277 355 4344 allata
386 4296 406 4340 a
435 4275 531 4340 Patre
564 4273 605 4341 de
637 4273 729 4340 Buck
761 4275 896 4360 probent
925 4270 958 4340 in
990 4275 1109 4342 casu‘?“
1156 4274 1344 4343 Cardinales
1377 4285 1470 4362 porro

257 4380 357 4448 sacris
379 4377 507 4446 tuendis
530 4377 654 4443 Ritibus
682 4380 855 4465 praepositi
877 4380 952 4447 licet
973 4385 1051 4466 prae'
1074 4379 1173 4446 oculis
1197 4378 1365 4446 habuerint
1387 4401 1470 4447 sum·

257 4505 342 4550 mam
364 4481 534 4550 utilitatem
557 4499 652 4564 quam
675 4481 840 4549 Ecclesiae
864 4481 1048 4549 Catholicae
1076 4482 1182 4548 attulit
1203 4503 1322 4566 magna
1345 4483 1471 4550 Bollan-

257 4587 355 4654 diaua
393 4585 546 4654 Collectio
583 4583 738 4652 adversus
777 4585 1043 4652 heterodoxorum
1082 4586 1123 4652 de
1160 4587 1244 4652 cultu
1283 4587 1472 4656 Sanctorum

257 4697 450 4776 commenta,
484 4695 593 4754 tantm
623 4689 862 4756 accuratissime
894 4691 1061 4776 perpensis
1093 4690 1239 4758 omnihus
1273 4689 1472 4758 documentis

257 4794 301 4862 ad
331 4793 457 4862 Causae
490 4793 715 4876 uergoneusis
751 4793 996 4864 elucidationem
1030 4793 1160 4879 copiose
1193 4793 1353 4878 adductis,
1390 4793 1474 4862 hanc

593 4919 595 4926 ,
1276 4896 1315 4952 yet
