3350 5484
819 381 861 450 50

231 543 272 609 de
294 543 414 610 cunctis
436 539 672 626 Martyrolcgiis
699 538 888 604 tractatione
913 537 1179 622 praetermisisse.
1223 539 1337 621 Itaque
1358 539 1445 622 quod

230 647 350 714 Melani
382 645 637 712 5555151585
669 642 810 709 defuncti
840 661 912 708 cum
942 641 1038 708 laude
1069 643 1248 710 meminerit
1278 643 1445 727 Barcnius,

231 771 382 834 magnam
414 750 483 814 eius
514 749 642 815 nomine
673 748 810 832 gratiam
841 745 938 812 habet
969 745 1107 812 Gravius
1136 745 1294 828 simulque
1325 746 1444 829 scribit,

231 854 403 922 Baronium
434 853 533 938 probe
565 871 712 918 caussam
743 849 1022 935 animadvertisse,
1057 869 1112 916 cur
1133 849 1279 915 Molanus
1309 853 1446 918 Romani

231 958 416 1024 nominatim
440 955 659 1042 Martyrolcgii
682 953 958 1036 nonmeminerit,
982 954 1055 1039 „qui
1075 973 1151 1019 vere
1173 971 1236 1018 non
1259 953 1348 1019 aliud
1370 955 1448 1020 alibi

232 1082 326 1145 quam
357 1061 436 1127 illud
466 1059 606 1127 Usuardi
636 1059 670 1125 in
701 1079 761 1126 usu
792 1054 940 1142 credidit,
979 1055 1106 1142 quando
1137 1077 1201 1122 non
1232 1057 1320 1124 aliud
1353 1080 1447 1143 quam

231 1167 408 1232 Romanum
442 1185 515 1232 esse
545 1163 692 1231 videatur
723 1181 793 1230 cum
821 1163 862 1228 ab
890 1160 1037 1228 Usuardo
1064 1161 1135 1248 ipso
1163 1167 1228 1228 tum
1252 1183 1272 1228 a
1294 1165 1449 1250 posterio-

231 1267 319 1333 ribus
342 1266 600 1352 locupletatum.“
635 1266 806 1350 Subiungit
821 1272 927 1332 autem
947 1265 1078 1352 insuper
1093 1265 1240 1352 Gravius,
1264 1275 1298 1332 ut
1312 1267 1448 1352 primum

232 1371 493 1455 Martyrolcgium
525 1371 758 1454 Gregorianum
789 1391 819 1436 a.
854 1372 938 1436 1584
968 1367 1010 1434 ad
1041 1369 1260 1437 [lovanienses
1291 1371 1448 1455 perlatum

232 1473 335 1558 fuerit,
357 1474 518 1540 Molanum
542 1475 722 1540 notationes
745 1493 821 1540 suas
837 1472 870 1538 in
886 1471 1067 1538 Usuardum
1086 1473 1289 1558 iampridem
1313 1475 1448 1560 scriptas

233 1577 292 1644 sub
329 1576 477 1644 incudem
519 1597 690 1644 revocasse
727 1582 759 1640 et
795 1575 903 1642 multis
940 1575 1019 1642 locis
1056 1577 1238 1660 recognitas
1275 1585 1449 1662 auctasque

182 1747 185 1754 ,
233 1683 376 1747 Romano
398 1681 626 1766 Martyrolcgio
652 1681 742 1746 iussu
768 1679 917 1763 Gregorii
939 1679 1029 1746 XIII.
1058 1701 1176 1747 excuso
1207 1687 1449 1768 attemperasse.

234 1785 331 1851 (iuius
368 1785 474 1871 operis
512 1783 630 1852 edendi
667 1803 773 1850 curam
811 1788 921 1849 auctor
958 1803 1016 1849 suo
1052 1790 1243 1852 testamento
1284 1785 1451 1870 delegarat

234 1888 366 1972 Granio,
401 1889 455 1972 qui
478 1887 520 1954 de
541 1887 605 1954 ista
626 1887 767 1954 editione
793 1887 857 1952 iam
885 1907 955 1954 cum
982 1888 1130 1954 Plantino
1161 1909 1259 1972 agere
1291 1897 1449 1976 coeperat,

235 1990 294 2059 sed
325 1991 379 2056 ubi
409 1992 672 2078 Martyrolcgium
704 1991 832 2058 Baronii
863 2011 894 2057 5.
929 1993 1012 2060 1586
1049 1991 1159 2059 videre
1191 1993 1340 2079 contigIt,
1379 2013 1450 2060 eam

235 2095 461 2179 cogitationem
507 2095 671 2182 deposuit,
716 2117 812 2181 quum
848 2096 903 2162 vix
940 2094 1112 2180 quidquam
1160 2096 1246 2182 apud
1289 2097 1450 2163 Molannm

234 2199 403 2287 reperiret,
436 2200 521 2285 quod
547 2221 612 2266 non
634 2222 655 2266 a
676 2199 814 2268 Baronio
842 2200 1032 2268 luculentius
1065 2201 1289 2286 copiosiusque
1321 2221 1451 2288 expres-

234 2326 305 2372 sum
327 2311 423 2388 atque
444 2311 613 2372 tractatum
635 2305 792 2392 fuisset.³)
1064 2308 1067 2314 ’

344 2617 362 2686 ¹)
380 2633 398 2672 a
416 2632 473 2686 quo
491 2615 642 2670 lucubrata
660 2619 704 2670 est
720 2615 878 2670 Facultatis
902 2611 1094 2682 Theologicae
1115 2610 1302 2666 Lovaniensis
1325 2609 1452 2664 Censura

236 2721 322 2775 super
348 2703 553 2758 assertionibus
577 2703 612 2758 de
637 2700 664 2756 S.
688 2701 844 2772 Scriptura,
870 2700 971 2756 Gratia
994 2702 1023 2753 et
1045 2697 1309 2754 Praedestinatione
1333 2713 1359 2752 a.
1384 2697 1453 2751 1586

236 2791 357 2846 chanii
380 2790 487 2860 scripto
510 2789 631 2844 traditis
666 2789 785 2844 Romam
807 2788 940 2857 deinceps
963 2790 1086 2840 vocatus
1104 2789 1133 2840 et
1149 2783 1361 2854 typographiae
1378 2783 1452 2838 vati-

237 2894 326 2933 canae
343 2878 372 2931 in
391 2877 507 2932 edendis
525 2875 573 2932 SS.
592 2877 708 2930 Patrurn
733 2874 868 2946 operibus
890 2872 1064 2944 praefectus,
1092 2873 1143 2927 sed
1160 2875 1344 2944 praematura
1362 2873 1452 2924 morte

238 2969 352 3036 ereptus
371 2959 504 3021 Grcvc‘cm
520 2963 717 3034 Epitaphium,
745 2964 822 3033 quod
840 2963 901 3018 eius
918 2961 1027 3015 tumulo
1051 2974 1181 3014 moerens
1203 2958 1338 3028 apposuit
1356 2954 1452 3011 Baro-

236 3049 321 3122 ac'aa,
339 3050 463 3106 obtinuit
479 3051 581 3106 hocce:
609 3051 644 3105 D.
663 3049 694 3104 0.
712 3049 747 3103 Μ.
766 3048 889 3104 Henrico
907 3045 1016 3102 Gravio
1036 3045 1154 3100 eximiae
1171 3044 1324 3114 5555115115
1342 3047 1452 3112 555515-

236 3142 340 3208 taeque
367 3137 534 3194 eruditionis
560 3137 640 3192 Viro.
676 3135 764 3200 Quom
791 3137 858 3204 post
883 3137 1008 3204 quatuor
1032 3132 1186 3186 lustrorum
1209 3131 1238 3186 in
1255 3129 1454 3186 florentissima

236 3223 409 3280 Levaniensi
435 3223 592 3278 Academia
618 3223 646 3279 S.
673 3220 849 3291 Theologiae
876 3219 1020 3290 publicam
1046 3218 1265 3290 professionem,
1299 3217 1395 3273 Sixtus
1417 3215 1452 3271 V.

237 3311 269 3366 P.
286 3311 331 3381 M,
349 3309 467 3380 Insignis
486 3309 652 3365 eruditionis
670 3325 749 3380 ergo,
766 3309 885 3363 Romam
904 3305 1051 3362 evocavit:
1070 3305 1226 3376 Gregorius
1237 3303 1315 3362 XIV.
1332 3303 1362 3358 in
1380 3304 1452 3357 Pon·

236 3397 353 3452 titiciam
374 3396 479 3451 Aulam
504 3396 629 3466 excepit:
661 3395 712 3451 sed
734 3395 919 3465 amplioribus
947 3394 1062 3464 dignum
1088 3392 1244 3448 honoribus
1270 3389 1398 3446 Christus
1424 3388 1452 3442 in

238 3483 355 3538 Ocelum
377 3483 473 3538 evexit
496 3483 542 3538 die
564 3484 606 3538 11.
628 3483 736 3554 Aprilis
762 3499 836 3538 anno
861 3483 937 3538 1591.
960 3479 1064 3536 aetatis
1087 3494 1157 3534 snae
1173 3477 1232 3534 LV.
1260 3478 1392 3549 (August.
1410 3471 1453 3530 Le

238 3568 344 3642 Biana,
361 3570 467 3626 Hister.
486 3568 627 3640 Congreg.
647 3569 682 3624 de
700 3569 794 3626 Auxil.
812 3569 939 3639 Mogunt.
958 3567 1034 3623 1699.
1052 3583 1080 3636 p.
1092 3567 1151 3634 ui).

188 3684 190 3690 π
345 3653 365 3727 ²)
383 3656 500 3712 Caesari
518 3656 642 3712 Baronio
660 3655 810 3712 Heariccc
835 3651 976 3712 Gravius.
1005 3653 1126 3710 Lovanii
1145 3668 1180 3709 cx
1197 3651 1372 3724 Theolcgico
1391 3650 1453 3707 Gol-

238 3745 316 3815 legio
335 3745 376 3800 16.
395 3743 515 3798 Kalend.
534 3742 600 3798 Iun.
619 3758 645 3798 a.
665 3744 741 3800 1588.
760 3739 896 3812 (Albcrc‘c.
914 3741 968 3812 III,
986 3741 1036 3796 151
1055 3741 1107 3810 sq.)

345 3830 366 3900 ³)
391 3827 546 3886 Beronices
571 3829 656 3885 buius
682 3828 822 3900 epistolae
848 3827 947 3882 Gravii
974 3828 1112 3883 rationem
1139 3825 1247 3882 habens
1273 3827 1302 3880 in
1330 3823 1454 3881 editione

238 3917 436 3988 Martyrolcgii
459 3913 660 3972 Plautinicca
677 3933 705 3986 p.
725 3915 808 3970 XXI:
840 3914 963 3984 η115555*
991 3914 1096 3984 155511,
1124 3913 1258 3984 „proinde
1281 3911 1348 3966 mihi
1367 3925 1454 3967 causa

239 4003 306 4074 fuit,
324 4008 356 4058 51
372 4003 450 4074 apud
466 4003 502 4058 D.
521 4002 658 4058 Gravium
675 4019 727 4073 per
743 4002 854 4058 litteras
872 4017 959 4072 agere
977 4001 1132 4071 coeperim,
1149 4005 1182 4054 ut
1200 3997 1380 4055 eruditIssimi
1397 3999 1453 4054 viri

240 4089 366 4159 (Molani)
392 4095 602 4146 monumentum
629 4091 714 4146 edere
740 4106 798 4146 non
822 4088 1073 4159 praetermitteret:
1099 4087 1141 4142 ita
1163 4086 1237 4142 enim
1256 4087 1397 4159 futurum,
1422 4090 1455 4142 ut

240 4176 361 4231 duorum
378 4177 426 4232 vel
443 4177 528 4230 trium
547 4183 733 4234 concurrente
751 4176 922 4247 testimonio,
939 4175 1055 4230 veritati
1073 4174 1166 4243 possit
1182 4173 1289 4228 firmius
1307 4189 1370 4230 esse
1389 4189 1454 4228 con·

241 4262 352 4319 sultam.
387 4263 525 4333 Equidem
543 4263 615 4319 tanti
631 4264 701 4335 viri,
728 4264 764 4318 de
781 4261 910 4318 Ecclesia
927 4261 981 4316 Dei
997 4264 1029 4317 et
1045 4261 1169 4316 veritate
1190 4259 1332 4315 catholica
1350 4259 1455 4328 optime
1472 4320 1474 4325 ¹

240 4348 345 4419 meriti,
372 4365 424 4404 neo
449 4349 566 4406 brevem
591 4351 736 4406 scedulam
763 4348 893 4420 deperire
920 4347 1124 4419 aequanimiter
1149 4347 1258 4417 patior:
1288 4345 1333 4400 cui
1351 4345 1455 4414 (dicam

240 4435 373 4505 ingenue)
394 4435 503 4492 isthaec
527 4437 621 4492 omnia
641 4437 696 4492 hac
714 4453 749 4492 ex
767 4440 850 4506 parte
873 4439 993 4505 accepta
1017 4434 1093 4507 fero,
1119 4434 1198 4504 quod
1214 4433 1243 4488 in
1261 4431 1455 4487 densissimam

241 4524 344 4578 silvam
363 4523 471 4593 primus
494 4524 556 4594 ipss
578 4525 736 4594 ingressus,
763 4522 829 4577 mihi
847 4522 968 4592 aliIsque
986 4521 1094 4577 aditum
1117 4519 1267 4590 patefecit:
1295 4517 1455 4587 quostiam

241 4610 353 4666 nomine
380 4625 443 4664 cum
470 4627 525 4682 ego
551 4615 611 4666 tum
638 4609 742 4666 eruditi
769 4624 866 4684 omnes
893 4609 1044 4678 plurimum
1069 4622 1122 4662 555
1149 4605 1175 4661 51
1195 4603 1300 4661 debera
1325 4603 1456 4660 lubenter

242 4698 422 4768 agnoscimus
441 4702 470 4753 et
488 4697 678 4754 confitemur.“
