3350 5484
810 342 851 406 14

225 505 257 564 et
277 497 444 583 pristinum
475 495 678 582 splendorem
710 494 876 562 restituere
908 493 1107 577 decreverat,
1120 491 1144 578 ¹)
1181 491 1279 558 vitam
1309 513 1435 576 quoquc

224 606 256 668 et
278 621 382 667 mores
414 600 556 667 eiusdem
589 599 782 666 sanctissimi
810 599 959 684 Episcopi
987 615 1102 679 resque
1124 595 1165 661 ab
1189 616 1227 662 eo
1250 595 1436 662 mirabiliter

223 711 333 790 gestas
355 705 599 790 pervulgaturus
621 703 711 769 initio
734 703 810 768 anni
835 705 917 769 1582
933 723 953 767 a
969 702 1106 766 Baronio
1129 699 1273 786 petiit,⁹)
1297 706 1330 765 nt
1353 721 1436 784 quae
1502 759 1504 763 ,

223 810 251 876 is
274 811 307 874 in
330 807 540 874 contexendis
561 806 737 889 Annalibus
761 805 802 872 dc
818 806 986 872 Ambrosio
1009 825 1049 870 ex
1072 803 1306 889 probatissimis
1329 810 1435 870 aucto-

224 912 311 979 ribus
326 918 423 996 atque
437 904 519 980 adeo
536 933 575 978 en
592 911 728 996 ipsomet
743 909 912 976 Ambrosio
935 914 1082 974 accurate
1105 908 1267 992 descripta
1282 912 1434 991 notasset,

225 1015 338 1083 eadem
361 1035 503 1082 seorsum
527 1013 692 1098 colligeret
707 1018 739 1078 et
752 1012 836 1078 inter
850 1033 886 1079 se
901 1012 943 1077 ad
959 1011 1051 1076 Vitae
1066 1010 1200 1077 formam
1224 1016 1435 1078 connecteret.

221 1118 405 1186 ·Ohediendi
440 1119 538 1202 igitur
573 1117 738 1184 alacritate
775 1113 965 1199 conspicuus
992 1114 1149 1182 ·Doctoris
1186 1114 1435 1182 Mediolanensis

224 1222 509 1290 Vitam'Baronius
531 1222 577 1288 ita
598 1220 735 1288 fidehter
757 1217 959 1304 conscripsit,
993 1223 1028 1284 ut
1050 1218 1127 1284 nihil
1150 1218 1213 1284 nisi
1236 1219 1436 1305 exploratum

226 1348 266 1393 ex
293 1325 434 1393 fontibus
466 1315 595 1394 afferret
623 1333 655 1392 et
682 1323 789 1390 omnia
820 1343 876 1408 per
909 1327 1086 1408 temporum
1118 1321 1233 1389 seriem
1265 1323 1434 1408 digereret,

225 1430 500 1516 conscriptamque
531 1429 641 1496 idibus
672 1427 859 1495 Decembris
882 1446 912 1492 a.
937 1429 1020 1493 1583
1047 1425 1160 1492 obtulit
1170 1427 1198 1513 ³)
1230 1426 1436 1493 cardinalia

224 1533 412 1618 Montealto,
447 1534 501 1616 qui
524 1519 676 1618 deinceps
698 1531 741 1600 ad
764 1531 888 1616 apicem
911 1529 1116 1596 Pontificatus
1144 1537 1273 1597 evectus
1300 1531 1435 1596 candem

225 1637 311 1724 typis
333 1656 484 1704 excusam
507 1636 540 1702 in
562 1637 665 1704 fronte
691 1635 768 1702 tomi
795 1633 896 1718 quinti
927 1633 1075 1700 editionis
1098 1635 1273 1702 Vaticanae
1296 1635 1434 1721 Operum

225 1741 259 1808 S.
283 1741 442 1808 Ambrosii
470 1741 624 1808 collocari
652 1740 825 1826 praecepit.
836 1738 866 1824 ⁴)
920 1739 1062 1805 Alterum
1094 1744 1201 1805 autem
1233 1739 1317 1822 quod
1347 1737 1436 1805 innui

224 1844 486 1932 impedimentum
517 1844 576 1910 fuit
605 1845 665 1911 iter
696 1863 807 1910 mense
838 1843 991 1908 ianuario
1019 1862 1050 1907 a.
1076 1843 1158 1910 1583
1186 1863 1207 1906 a
1229 1842 1365 1907 Baronio
1389 1842 1435 1908 in-

225 1953 370 2016 stitutum
401 1949 489 2016 iussu
523 1949 670 2032 Gregorii
691 1948 797 2031 Xlll.,
831 1947 979 2030 quicum
1002 1951 1089 2011 motu
1116 1945 1244 2030 proprio
1266 1945 1434 2030 Neapolim

225 2053 313 2120 misit
334 2053 377 2118 ad
399 2053 562 2137 negotium
594 2052 754 2138 quoddam
785 2050 1037 2118 ecclesiasticum
1068 2055 1191 2116 secreto
1219 2069 1290 2114 eum
1317 2051 1435 2116 Nuntio
1496 2078 1498 2082 ·

225 2158 409 2243 Apostolico
436 2163 469 2224 ct
489 2156 738 2243 Archiepiscopo
769 2156 862 2222 istius
890 2153 976 2219 urbis
1006 2152 1273 2238 pertractandum.
1318 2155 1435 2221 Missus

225 2260 385 2330 mandatis
419 2260 575 2328 satisfecit
601 2266 732 2347 etpost
763 2258 941 2326 absentiam
972 2257 1115 2341 triginta.
1135 2255 1256 2324 dierum
1289 2277 1436 2324 reversus

226 2371 275 2433 cst
296 2367 440 2432 Romam.
452 2365 480 2452 5)

335 2590 352 2658 ¹)
371 2589 536 2645 Clusinius
554 2589 605 2644 der
616 2589 719 2644 Fiinttc
729 2604 794 2668 hvon
807 2588 888 2643 Alex.
900 2588 964 2643 Frh.
977 2606 1005 2643 v.
1018 2586 1142 2643 Hiibncr
1160 2589 1237 2657 (Lpn.
1252 2590 1329 2659 1871)
1343 2591 1364 2660 I,
1378 2590 1436 2645 198.

330 2677 351 2745 ²)
369 2675 493 2730 Venerdi
517 2675 546 2729 di
569 2676 708 2744 prossimo
733 2678 850 2744 passato
875 2676 911 2729 mi
934 2677 1036 2730 mando
1060 2675 1236 2730 achiamare
1260 2677 1280 2730 il
1304 2676 1436 2731 Cardinal

225 2762 386 2832 Montaldo,
416 2761 482 2830 qual
505 2761 542 2815 ha
565 2761 688 2832 fatigato
712 2779 749 2817 un
771 2779 859 2832 penzo
881 2778 933 2831 per
954 2763 983 2816 la
1006 2762 1177 2817 correttione
1205 2762 1270 2816 dell'
1300 2777 1386 2830 opere
1408 2762 1436 2815 di

225 2849 253 2906 S.
272 2849 438 2918 Ambrosio,
465 2852 494 2902 et
512 2849 632 2903 essendo
651 2849 759 2904 hormai
777 2850 806 2902 in
824 2849 952 2918 precinto
971 2849 999 2904 di
1017 2848 1090 2902 farle
1108 2853 1264 2918 stampare,
1292 2849 1328 2901 mi
1347 2851 1437 2918 pregb
1480 2883 1482 2886 -

226 2936 298 2990 ch’io
316 2935 446 3004 pigliassi
464 2951 521 2989 una
539 2934 629 3004 fatiga
651 2936 680 2990 in
698 2939 816 2990 mettere
838 2935 947 2990 insiemi
970 2940 1076 3004 quanto
1095 2936 1119 2988 si
1136 2939 1267 2988 trovasse
1286 2935 1314 2988 di
1333 2935 1437 3003 quadi

226 3021 402 3090 radispone
425 3020 490 3075 nell’
513 3022 607 3075 autori
630 3021 734 3076 antichi
758 3037 844 3090 sopra
862 3021 927 3076 dell’
949 3021 1050 3075 attioni
1068 3021 1097 3074 di
1115 3020 1194 3074 detto
1212 3019 1314 3091 Santo,
1342 3037 1437 3076 ceor-

225 3123 346 3178 reggere
363 3107 464 3161 alcune
477 3122 552 3177 cose,
571 3107 648 3175 quali
661 3107 726 3160 altri
738 3106 894 3162 havessero
912 3111 1004 3176 poste,
1021 3122 1078 3160 non
1091 3121 1170 3159 come
1189 3106 1341 3160 dovevano
1359 3123 1437 3175 pare.

153 3223 158 3232 ‹
226 3192 352 3248 Promcsi
370 3192 399 3246 di
417 3191 500 3262 farlo,
518 3208 533 3246 e
552 3192 625 3248 tarlo
645 3210 698 3249 eon
717 3195 871 3264 diligentia.
908 3195 1033 3261 (Lettera
1052 3193 1080 3246 di
1098 3189 1244 3263 Bononio,
1262 3194 1354 3248 Roma
1372 3194 1391 3247 li
1405 3195 1438 3247 10

227 3278 256 3333 di
274 3277 406 3332 Gennaro
425 3279 501 3333 1582.
539 3274 610 3334 Ood.
636 3275 740 3335 Vallic.
759 3279 790 3344 Q.
809 3279 980 3338 refertsi

332 3364 353 3432 ³)
370 3363 438 3418 Vita
451 3363 483 3422 S.
496 3361 647 3420 Ambrosii
657 3366 751 3435 Episc.
763 3367 876 3421 Mediol.
895 3366 1002 3434 scripta
1014 3381 1032 3418 a
1044 3365 1167 3421 Caesare
1180 3367 1304 3422 Baronio
1318 3366 1437 3422 Sorano.

227 3450 304 3519 Opus
332 3450 549 3521 autographum.
589 3447 654 3506 Oea
689 3450 793 3507 Vallia.
814 3453 845 3517 Q.
863 3453 906 3507 35.
943 3453 1108 3520 („Paulinus
1131 3453 1298 3507 sanctissimi
1319 3455 1374 3508 viri
1392 3469 1438 3508 res

226 3537 450 3606 praeclarissime
468 3542 565 3606 gestas
584 3539 764 3607 conscripsit:
783 3556 881 3594 rursus
900 3543 995 3594 antem
1014 3555 1048 3593 ex
1066 3539 1271 3595 recentioribus
1284 3540 1438 3595 Costcrins.

226 3623 296 3692 Legi
320 3623 348 3676 in
370 3623 545 3678 bibliotheca
573 3623 717 3678 Stortiana
742 3626 807 3680 eod.
829 3641 968 3679 manuscr.
996 3625 1085 3679 vitam
1108 3623 1135 3679 S.
1158 3625 1301 3680 Ambrosii
1329 3626 1438 3681 Graece

204 3760 207 3764 ,
227 3709 360 3778 scriptam
380 3711 443 3764 sincv
457 3714 586 3764 auctore:
617 3711 721 3779 quibus
744 3712 874 3766 omnihus
896 3727 959 3765 cnm
983 3712 1119 3766 nonnulla
1143 3711 1236 3768 adhuc
1255 3714 1354 3768 deesse
1373 3729 1438 3766 oon-

227 3796 377 3866 spieerem,
404 3796 559 3865 eademqne
576 3811 632 3849 non
655 3798 739 3866 parvi
760 3798 892 3852 momenti
911 3801 940 3852 et
957 3799 1150 3870 auctoritatis,
1176 3800 1289 3868 singula
1306 3799 1335 3851 in
1353 3815 1439 3852 unum

228 3882 330 3952 collegi
344 3888 429 3952 atque
443 3883 541 3936 ordine
559 3887 717 3952 temporum
737 3883 889 3952 disposui.“
914 3882 1026 3939 Boron.
1039 3885 1056 3938 i.
1070 3885 1133 3940 Not.
1147 3900 1172 3938 a.
1185 3885 1267 3938 Mart.
1281 3885 1307 3938 d.
1321 3885 1345 3939 7.
1358 3886 1439 3954 Dee.)

227 3968 283 4023 Gir.
308 3967 471 4034 Villarosa,
498 3968 632 4023 Memorio
651 3969 727 4039 degli
746 3969 875 4024 Scrittori
893 3970 1033 4039 Filippini.
1069 3970 1172 4038 Napoli
1192 3971 1267 4024 1837.
1286 3971 1308 4040 I,
1326 3971 1369 4025 46.

334 4057 355 4123 ⁴)
373 4055 494 4110 Felicem
514 4071 532 4109 a
549 4056 705 4110 Montealto
724 4072 759 4110 ne
777 4073 795 4112 a
814 4073 902 4111 cansa
920 4056 1032 4125 quidem
1051 4055 1248 4126 Martyrologii
1266 4057 1440 4113 reformandi

227 4140 314 4196 fuisse
326 4141 457 4212 alienum,
470 4145 591 4210 apparet
603 4157 638 4195 ex
650 4143 766 4196 Baronii
779 4139 959 4212 autographo
972 4140 1049 4208 quod
1062 4141 1102 4194 sie
1115 4141 1275 4196 exorditur:
1295 4145 1438 4209 „Essendo

214 4227 279 4282 ‚chc
308 4227 367 4282 Sua
393 4227 504 4282 Santita
526 4228 577 4282 dal·
600 4233 696 4297 tempo
717 4227 812 4283 ch’era
834 4227 985 4282 Cardinalc
1006 4227 1043 4280 mi
1067 4227 1155 4298 disse,
1183 4227 1235 4283 che
1260 4225 1440 4299 desiderava,

228 4313 279 4368 ehe
302 4313 348 4367 nel
371 4313 567 4383 Marticologio
590 4314 719 4370 Romano
737 4315 768 4369 vi
787 4315 810 4367 si
833 4317 964 4367 mettessc
987 4313 1016 4366 la
1033 4314 1107 4368 festa
1133 4315 1206 4369 delle
1230 4315 1368 4384 Stigmate
1394 4316 1439 4370 del

228 4400 355 4470 glorioso
374 4399 401 4454 S.
420 4400 592 4470 Franeesc03
619 4417 671 4454 ora
689 4398 883 4465 stampandosi
902 4399 930 4452 di
948 4416 1045 4455 nuovo
1070 4401 1149 4455 detto
1167 4402 1364 4472 Martirologio
1386 4419 1439 4456 eon

227 4487 254 4540 le
273 4487 462 4555 annotationi,
481 4491 510 4540 ct
528 4485 695 4554 mettendosi
714 4485 793 4538 detta
812 4484 952 4540 solennita
971 4502 988 4540 a
1007 4487 1035 4540 di
1054 4488 1094 4541 17.
1114 4487 1142 4540 di
1161 4485 1332 4559 settembre,
1361 4505 1439 4544 come
1471 4481 1473 4486 ’

228 4572 243 4625 e
263 4571 346 4626 solita
365 4571 527 4642 celebrarsi,
546 4576 574 4626 et
592 4575 693 4640 questo
711 4586 763 4639 per
782 4569 880 4626 ordine
899 4572 927 4626 di
945 4572 980 4627 V.
994 4571 1021 4627 S.
1040 4573 1232 4628 illustrissima
1251 4578 1280 4628 et
1297 4575 1440 4630 Reveren-

228 4657 357 4727 dissima,
384 4673 435 4711 ora
454 4657 637 4726 desidererei,
665 4656 717 4711 che
735 4671 770 4710 ne
788 4656 865 4711 fusse
889 4659 1023 4713 avvisata
1045 4657 1103 4713 Sua
1121 4659 1148 4714 S.
1168 4658 1219 4713 che
1237 4661 1274 4714 mi
1294 4661 1440 4716 ordinasse

227 4747 255 4799 in
273 4746 340 4814 qual
359 4746 424 4800 loco
443 4744 471 4798 di
491 4744 570 4798 detto
589 4743 705 4814 giorno,
731 4758 762 4798 sc
779 4744 825 4799 nel
843 4745 992 4815 principio,
1009 4760 1040 4799 se
1058 4733 1134 4813 dbpo
1151 4745 1191 4814 gli
1209 4745 1331 4816 martiri,
1359 4763 1376 4801 o
1395 4749 1440 4802 nel
