3350 5484
768 787 921 869 XVIII.

336 1062 569 1130 Abstinendum
592 1060 669 1128 mibi
694 1067 743 1127 est
764 1083 785 1126 a
807 1061 919 1143 quovis
942 1059 1059 1125 iudioio
1084 1058 1124 1124 de
1148 1067 1280 1142 utraque
1307 1059 1448 1125 editione

232 1185 296 1230 non
327 1164 485 1250 legitima,
521 1166 570 1231 oui
598 1164 755 1230 Batonius
786 1163 900 1229 alludit
931 1172 964 1228 et
990 1163 1079 1229 ouius
1110 1163 1250 1246 vestigia
1283 1163 1449 1230 dumtaxat

232 1267 458 1354 animadverti,
483 1269 559 1352 quin
582 1275 689 1334 tamen
713 1266 911 1352 exemplarIa
933 1265 1117 1332 authentica
1139 1267 1298 1352 inspirare
1321 1273 1353 1331 et
1376 1287 1447 1331 ron-

234 1371 318 1437 ferre
350 1361 518 1455 potu'erim.
575 1373 673 1437 Teste
705 1371 869 1453 Matagnio
886 1370 907 1452 ¹)
942 1368 1039 1436 editio
1079 1375 1210 1452 utraque
1244 1371 1303 1436 sub
1338 1369 1447 1434 titulo:

239 1475 521 1561 ,Martyrologium
561 1477 739 1542 Romanum
776 1473 819 1540 ad
856 1494 971 1540 novam
1003 1472 1190 1540 Kalendarii
1227 1473 1384 1540 rationem
1417 1477 1449 1538 ot

232 1578 482 1645 Ecclesiasticus
505 1577 657 1646 historiae
671 1579 845 1646 'veritatem
869 1577 1047 1646 restitutum
1071 1576 1219 1660 Gregorii
1241 1577 1334 1642 XIII.
1357 1578 1448 1644 Pont.

231 1683 317 1749 Max.
342 1683 431 1750 iussu
444 1680 595 1747 editum“
619 1684 742 1766 absquo
765 1683 830 1748 ulla
852 1681 1083 1769 approbatione
1105 1681 1223 1767 prodiit
1245 1703 1275 1749 a.
1301 1684 1385 1748 1583
1408 1702 1449 1748 ex

233 1786 361 1852 oifieina
382 1784 541 1852 Dominioi
564 1787 688 1870 Basae;
722 1787 811 1854 euius
838 1785 966 1869 quidem
996 1785 1188 1870 typographi
1215 1806 1330 1851 nomen
1353 1784 1446 1851 attin·

234 1889 324 1974 genti
345 1890 379 1955 in
403 1895 540 1956 mentem
573 1888 650 1954 mihi
680 1889 769 1956 venit
799 1889 960 1974 quoddam
992 1889 1169 1973 analogon,
1202 1888 1297 1955 nimis
1329 1889 1451 1956 soilioet

232 2014 370 2081 praecox
394 2013 433 2060 ao
455 1992 611 2059 mendosa
636 2013 694 2078 per
720 2001 815 2081 typos
848 1993 1019 2078 exscriptio
1046 1992 1139 2078 primi
1162 1991 1331 2058 Annalium
1361 1993 1449 2059 volu-

233 2097 328 2164 minis
360 2104 392 2164 et
423 2117 506 2181 quae
536 2096 599 2163 buo
630 2103 754 2183 spectat
780 2097 909 2165 Baronii
937 2103 1013 2162 nota
1044 2096 1244 2181 epistolaris:
1284 2098 1331 2184 ,11
1355 2096 1448 2163 Oard.

236 2200 354 2268 Garafa
377 2205 395 2268 e
417 2200 450 2266 in
478 2221 559 2284 grau
587 2200 694 2268 colera
721 2223 780 2269 oon
804 2203 826 2266 il
850 2203 949 2284 Basa,
984 2210 1016 2266 et
1039 2220 1098 2266 eon
1125 2201 1171 2284 gli
1194 2201 1366 2271 Gorrettori
1393 2221 1451 2287 per

171 2365 174 2371 .
233 2304 265 2370 la
281 2305 482 2391 multiplieita
504 2303 580 2370 delli
604 2305 769 2392 erratif‘l)
804 2305 906 2391 Oulpa
924 2304 1021 2389 Igitur·
1036 2305 1141 2372 Busae
1157 2312 1189 2371 et
1204 2326 1312 2372 eorum
1336 2307 1449 2388 quibus

233 2409 396 2492 negotium
434 2408 544 2494 lapsus
582 2428 748 2494 operarum
787 2408 920 2475 tollendi
956 2408 1128 2474 iniunctum
1167 2414 1248 2492 erat,
1292 2409 1450 2475 aeeidisse

235 2511 394 2598 suspicor,
434 2517 468 2576 ut
492 2511 616 2597 primae
648 2517 680 2578 et
705 2511 868 2578 secundae
898 2511 1118 2597 Martyrologii
1150 2511 1281 2578 editioni
1315 2513 1450 2598 plurima

130 2618 135 2624 ’
235 2614 412 2682 insederint
438 2613 566 2682 menda.
612 2615 804 2682 (iurantem
826 2615 982 2682 Baronius
1010 2617 1081 2700 ipse
1111 2615 1206 2682 fuerit
1233 2617 1449 2703 praepeditus,

235 2718 404 2804 quominus
427 2717 574 2784 delendis
607 2719 804 2804 singularum
836 2721 1037 2806 plagularum
1069 2721 1227 2786 erroribus
1258 2720 1449 2804 invigilaret,

234 2844 333 2910 supra
354 2823 414 2910 (X)
438 2823 607 2891 innuimus.
651 2825 763 2908 Neque
790 2825 873 2892 altus
900 2827 972 2909 quis
1000 2845 1041 2890 ex
1063 2844 1195 2890 numero
1227 2823 1449 2908 deputatorum

234 2950 255 2994 a
282 2928 438 3012 Gregorio
469 2926 565 2994 XIII.
598 2927 819 3014 Martyrologii
852 2929 1092 2995 reformatorum
1127 2949 1295 2996 aoourasse
1327 2929 1452 2995 videtur

234 3038 400 3116 utramque
431 3033 526 3100 istam
558 3033 746 3117 editionem,
781 3052 887 3115 aqua
917 3033 1026 3099 forsan
1058 3053 1121 3098 uon
1149 3033 1273 3099 alienus
1302 3040 1352 3098 est
1379 3054 1450 3100 oen·

136 3176 138 3180 .
234 3135 354 3202 sendus
391 3137 510 3204 Fabius
547 3138 758 3221 Albergatus,
804 3136 893 3202 ouius
931 3139 1122 3202 mentionem
1168 3135 1268 3202 iniioit
1303 3136 1450 3204 ioannes

234 3239 390 3324 Palatius,
422 3241 475 3306 ubi
500 3242 541 3309 de
563 3239 792 3326 Martyrologio
815 3240 954 3323 loquitur
975 3246 1163 3326 expurgato.
1174 3241 1202 3327 ³)
1247 3243 1363 3308 Verum
1387 3261 1450 3307 nou

234 3342 323 3410 iuvat
354 3344 387 3409 in
414 3347 555 3431 amplum
587 3344 758 3412 deflectere
789 3343 1009 3430 hypotheseon
1042 3365 1198 3429 eampum.
1250 3344 1451 3431 Quapropter

234 3446 339 3515 adhue
360 3453 483 3514 tantum
506 3450 697 3517 observasse
719 3447 844 3532 suffieit,
869 3447 953 3531 quod
976 3449 1004 3515 si
1027 3449 1170 3516 secunda
1193 3449 1290 3516 editio
1313 3455 1451 3516 exeunte

234 3551 320 3617 Maio
354 3555 436 3621 1583
470 3553 590 3619 emissa
622 3559 708 3620 reete
741 3552 937 3638 perhibetur,
948 3552 979 3636 ⁴)
1018 3551 1109 3618 buius
1143 3553 1308 3638 exemplar
1339 3573 1450 3620 mense

234 3653 334 3720 Junio
365 3655 508 3725 eiusdem
540 3657 663 3722 annia
691 3656 828 3723 Baronio
861 3655 973 3722 Soram
1007 3656 1228 3722 transmissum
1251 3651 1306 3722 'vix
1329 3656 1451 3739 ambigi

235 3765 344 3842 queat,
357 3758 385 3844 ⁶)
422 3779 546 3828 neonon
580 3759 666 3843 quod
698 3759 802 3847 prima
836 3759 933 3826 editio
944 3759 971 3844 6)
1008 3760 1120 3845 primIs
1152 3761 1219 3827 fere
1253 3761 1329 3827 anni
1366 3765 1449 3828 1583

235 3861 398 3930 mensibus
425 3863 485 3928 sub
511 3864 621 3948 praelo
648 3863 757 3944 fuerit,
791 3884 886 3947 quum
911 3864 1066 3930 Baronius
1098 3864 1220 3930 itineris
1248 3885 1347 3930 eausa
1368 3865 1451 3930 Nea-

234 3965 331 4051 polim
354 3966 488 4032 instituti
512 3987 553 4032 ex
576 3968 662 4035 Urbe
684 3969 824 4036 abesset.
871 3968 1003 4034 Constat
1031 3969 1140 4050 utique
1172 3969 1322 4034 universa
1348 3988 1451 4053 paene

235 4069 433 4155 exemplaria
463 4075 528 4136 tam
560 4072 652 4138 unius
684 4090 780 4156 quam
813 4073 944 4139 alterius
977 4071 1127 4138 editionis
1159 4072 1244 4138 illico
1278 4092 1452 4164 suppressa

235 4179 267 4240 et
289 4173 413 4257 utrique
443 4173 631 4258 illegitimae
662 4177 788 4242 tertiam
817 4195 890 4241 esse
918 4175 1121 4240 substitutam
1153 4176 1324 4242 editionem
1360 4177 1450 4242 uniee

234 4297 436 4363 germanam,
478 4299 561 4362 quae
598 4301 709 4347 mense
746 4279 899 4346 Jauuario
931 4300 961 4344 a.
999 4282 1082 4346 1584
1116 4303 1136 4346 a
1168 4281 1324 4364 Gregorio
1356 4279 1448 4344 XIII.

235 4381 363 4450 Litteris
385 4369 579 4470 Ap'ostoIIois
602 4383 789 4450 confirmata
811 4389 843 4450 et
864 4382 1066 4468 promulgata
1088 4392 1147 4450 est.

345 4628 361 4693 ¹)
379 4625 407 4679 rn
426 4625 493 4680 ursa.
513 4626 559 4680 cn.
578 4609 674 4696 apo.
693 4626 729 4680 oe
748 4620 859 4695 smero,
878 4626 986 4681 ustrou.
1005 4627 1074 4682 oen.
1092 4645 1120 4696 p.
1140 4627 1198 4681 144.

342 4712 362 4780 ²)
380 4713 504 4768 Antonio
524 4710 645 4783 Talpae.
681 4711 717 4765 Di
735 4712 827 4766 Roma
844 4713 886 4768 26.
906 4712 1019 4783 Giugno
1039 4715 1115 4768 1588.

343 4798 364 4874 ³)
382 4799 526 4877 Metaque
543 4800 561 4858 l.
581 4815 604 4854 e.
622 4815 650 4872 p.
670 4798 728 4855 147.
764 4855 767 4862 ,
