3350 5484
627 868 637 896 .
757 811 901 894 XXX.

326 1085 507 1169 ,Ingenuus
544 1084 641 1150 animi
673 1083 804 1168 candor,
846 1084 977 1150 libertas
1011 1083 1134 1165 absque
1166 1081 1251 1148 fastu
1285 1088 1318 1149 et
1349 1082 1436 1148 indc-

221 1187 325 1253 tle'xus
351 1189 417 1253 veri
444 1192 536 1253 tenor
557 1187 604 1253 sio
626 1188 659 1252 in
682 1187 809 1272 scriptis
836 1187 899 1252 tuis
926 1181 1104 1270 aequaliter
1128 1186 1250 1269 lucent,
1284 1192 1318 1250 ut
1339 1186 1437 1268 qood-

222 1313 296 1356 nam
325 1311 365 1356 ex
394 1291 434 1357 iis
462 1291 615 1375 emineat,
651 1291 784 1374 agnosci
815 1311 879 1355 non
909 1289 1021 1375 possit.
1076 1289 1145 1354 Hoc
1176 1287 1261 1354 enim
1293 1295 1438 1354 estnon
1527 1301 1531 1306 '

222 1414 341 1478 meum,
366 1394 423 1460 sed
447 1393 609 1460 doctorum
633 1393 772 1459 omnium
795 1412 875 1475 quos
899 1392 965 1458 vidi
988 1392 1029 1459 de
1052 1393 1122 1457 istis
1146 1391 1308 1457 iudicium.
1355 1394 1438 1458 Mar-

222 1497 415 1583 tyrologium
448 1503 535 1563 tuum
567 1496 709 1578 quotidie
740 1497 891 1579 legimus,
925 1501 957 1561 et
979 1495 1120 1578 quotidie
1142 1495 1246 1578 magis
1270 1496 1438 1580 magisque

223 1601 404 1666 miramur.“
452 1601 500 1664 lta
521 1599 672 1665 Nicolaus
695 1599 800 1664 Faber
821 1599 1025 1677 Parisiensis‚
1059 1597 1223 1664 doctrinae
1249 1604 1314 1664 tam
1338 1599 1438 1665 eccle·

225 1703 375 1770 siastioae
398 1721 493 1784 quam
516 1703 690 1768 saecularis
713 1701 896 1785 cognitione
918 1708 1096 1787 praestans,
1105 1702 1129 1790 ¹)
1152 1703 1184 1767 in
1201 1702 1338 1787 epistola
1351 1703 1437 1771 VIII.

225 1808 297 1873 Kal.
329 1808 420 1871 Mart.
438 1807 535 1872 roal
568 1806 611 1871 ad
643 1805 813 1871 Bononiam
845 1804 964 1891 datal)
1010 1807 1096 1873 Sane
1118 1807 1159 1871 ab
1182 1805 1242 1872 hoc
1268 1806 1377 1872 utilem
1400 1827 1440 1872 ac

221 1910 437 1977 necessariam
460 1909 655 1993 reipubluae
678 1909 871 1976 christianae
893 1930 1023 1994 operam
1041 1911 1072 1976 in
1087 1903 1316 1995 Martyrologio
1339 1910 1445 2002 fuisse,

224 2022 387 2097 navatam,
424 2014 524 2096 liquet
556 2033 595 2077 ex
627 2015 784 2098 applausu
816 2033 878 2096 quo
910 2033 1028 2078 aureae
1059 2014 1246 2080 Notationes
1277 2014 1375 2080 variis
1406 2013 1439 2080 in

224 2119 310 2184 orbis
332 2125 486 2183 terrarum
508 2118 651 2202 partibus
675 2125 748 2183 sunt
770 2123 934 2202 exceptae,
957 2123 990 2184 et
1012 2137 1052 2184 ex
1075 2117 1178 2200 gloria
1200 2126 1329 2204 propter
1351 2119 1439 2184 labo-

225 2241 290 2287 rem
318 2220 453 2287 feIIciter
481 2227 644 2305 peractum
667 2242 688 2286 a
709 2219 846 2286 Baronio
879 2221 1017 2304 undique
1045 2227 1147 2306 parta.
1193 2221 1358 2287 Eiusmodi
1386 2242 1439 2288 en-

225 2324 329 2390 comia
363 2344 492 2408 possem
523 2324 556 2388 in
589 2325 728 2390 medium
764 2324 879 2390 afferre
914 2324 1078 2408 complura
1107 2345 1138 2390 v.
1171 2344 1219 2406 gr.
1252 2323 1366 2390 Jacobi
1398 2323 1440 2391 de

224 2429 386 2512 Marquais
423 2427 650 2514 Tornacensis,
693 2428 833 2514 Capituli
870 2427 1081 2510 Conchensis,
1125 2427 1267 2494 Odoardi
1305 2428 1440 2495 Simonii

225 2533 389 2617 Farensis,
423 2532 605 2602 Sebastiam
627 2531 791 2616 Monticuli
813 2531 973 2617 Patavini,
1005 2531 1124 2618 Papirii
1147 2532 1289 2598 Massoni
1311 2531 1440 2616 Lugdu·

224 2638 344 2702 nensis.
376 2636 494 2701 Verum
516 2656 555 2701 ex
575 2637 659 2702 mole
682 2637 857 2702 litterarum
879 2642 952 2722 post
974 2635 1122 2719 vulgatas
1146 2636 1303 2702 editiones
1325 2637 1440 2702 Roma-

223 2759 298 2804 nam
321 2759 351 2804 a.
377 2741 458 2806 1586
487 2746 519 2804 et
544 2739 810 2826 Antverpiensem
839 2761 868 2806 a.
895 2743 978 2807 1589
1002 2760 1020 2806 e
1043 2739 1180 2806 diversis
1214 2738 1293 2805 locis
1320 2739 1440 2806 amris

225 2842 357 2909 eruditis
394 2842 589 2908 redditamm
625 2863 666 2909 ea
696 2842 915 2909 tantummodo
953 2843 1144 2909 documenta
1179 2842 1255 2907 mihi
1292 2842 1441 2909 videntur

225 2967 299 3014 esse
320 2946 536 3032 respicienda,
569 2967 652 3030 quae
674 2948 836 3030 attingunt
862 2948 1067 3030 quaestiones
1095 2946 1317 3031 Martyrologii
1341 2945 1439 3013 histo-

224 3051 441 3118 rico-criticas
464 3072 503 3117 ac
529 3052 645 3137 partim
677 3051 741 3116 iam
774 3048 907 3115 editioni
938 3049 1160 3115 Plautinianae
1192 3051 1440 3134 subservierunt,

225 3154 397 3220 maximam
429 3161 535 3221 autern
567 3161 689 3240 partem
717 3174 782 3219 non
808 3171 920 3240 parum
953 3153 1105 3220 momenti
1128 3152 1307 3220 babuerunt
1328 3154 1370 3219 ad
1393 3175 1465 3220 re·-

225 3258 408 3324 censionem
436 3260 612 3326 Romanam
635 3281 664 3327 a.
691 3263 788 3344 1598,
821 3259 911 3342 cujus
934 3257 1019 3324 infra
1039 3257 1094 3324 fiet
1116 3258 1249 3341 mentio,
1283 3257 1440 3324 adornan-

225 3361 318 3438 dam„
354 3363 424 3429 Huc
454 3364 615 3448 pertinent
645 3345 810 3450 IIpistolae
842 3363 874 3428 in
905 3361 1105 3429 Bibliotheca
1137 3361 1349 3429 Vallioellana
1376 3383 1441 3428 ser·

224 3474 328 3550 valae,
352 3485 431 3549 quas
448 3468 585 3532 Baronio
600 3468 831 3553 inscripserunt
845 3467 1060 3552 Hieronymus
1076 3464 1117 3530 de
1132 3465 1261 3551 Rubeis,
1285 3467 1441 3532 Henricus

225 3569 376 3654 Gravius,
414 3569 601 3638 Vincentius
632 3571 837 3637 lastinianus
868 3571 988 3656 Antist,
1027 3571 1240 3654 Hieronymus
1270 3571 1440 3654 Higueras,

224 3673 389 3740 Rolandus
417 3673 591 3758 Vincleios,
623 3676 774 3742 Nicolaus
807 3675 971 3759 Serarins,
1003 3676 1146 3741 Ioannes
1175 3673 1283 3758 Soria,
1315 3674 1440 3738 Marcus
1474 3697 1478 3703 ·

224 3779 390 3863 Velserus,
412 3777 555 3843 Ioannes
577 3778 732 3846 Pistorius
756 3785 788 3846 et
810 3780 969 3864 Georgius
993 3777 1210 3863 Oolvenerius.

336 4090 352 4159 ¹)
370 4087 424 4146 Da
440 4087 509 4159 Pia,
526 4089 561 4146 N.
578 4085 713 4144 Biblioth.
732 4087 783 4144 des
800 4093 917 4145 auteurs
935 4089 1006 4147 eccl.
1025 4091 1126 4162 (Amet.
1144 4091 1222 4161 1711)
1239 4089 1333 4162 XVII,
1350 4090 1385 4146 48
1397 4105 1441 4161 sq.

225 4175 380 4234 Praeclara
398 4181 441 4233 est
459 4174 554 4232 Fabri
572 4177 610 4232 ad
627 4175 774 4230 Thnanum
792 4175 934 4244 praefatio
952 4177 981 4231 in
998 4177 1159 4249 fragmenta
1171 4178 1198 4234 S.
1212 4175 1331 4234 Hilarii
1349 4178 1442 4232 Picta-

224 4265 331 4320 viensIs
349 4249 485 4318 historica
502 4263 584 4332 (Opp.
597 4264 641 4318 ed.
653 4262 764 4334 Macae.
776 4262 814 4333 Il,
832 4263 883 4316 619
896 4279 937 4334 sq.
950 4265 1001 4318 887
1014 4267 1067 4335 sq.)
1086 4282 1121 4320 ex
1139 4264 1313 4320 bibliotheca
1330 4263 1442 4319 Pithoei

226 4367 252 4406 a.
272 4352 340 4406 1598
357 4350 476 4420 primum
495 4349 650 4420 publicata.
687 4349 742 4404 Otr.
761 4346 925 4418 Reialcens,
943 4351 1069 4406 Hilarius
1087 4368 1145 4406 von
1164 4353 1286 4406 Poitiers
1305 4351 1441 4421 (Schatih

227 4438 304 4507 1864)
323 4455 350 4506 p.
369 4438 422 4492 210
439 4453 481 4506 sq.

333 4523 353 4594 ²)
371 4520 497 4580 Alberic.
517 4523 541 4594 l,
558 4523 618 4577 223.
