3350 5484
12 603 15 690 l

816 395 857 461 97

232 573 295 620 non
323 551 524 618 transtulisse
551 550 583 616 in
610 548 1029 636 Martyrologium'nomina
1057 547 1245 613 Sanctorum
1272 545 1334 612 nisi
1364 563 1446 629 quae

234 678 273 722 ex
300 656 461 722 veteribus
493 656 698 740 probatisque
728 653 966 740 Martyrologiis
997 651 1196 737 petebantur.
1248 653 1345 717 Porro
1377 653 1445 717 tau-

233 767 297 825 tam
324 761 542 844 auctoritatem
569 759 735 826 recensitis
764 757 999 844 Martyrologiis
1032 757 1263 822 conciliandam
1286 777 1349 823 non
1373 777 1446 824 esse
1509 815 1513 827 .

232 863 392 946 arbitrati,
426 879 520 946 quum
544 863 609 928 alia
632 862 803 938 deficerent
825 867 1044 944 monumenta,
1068 860 1123 924 uui
1145 861 1269 926 illorum
1294 861 1445 928 Codicum

232 967 306 1048 fidei
340 967 543 1051 acquiescere
576 967 753 1032 noluerunt.
798 963 944 1047 Denique
978 962 1147 1030 admodum
1184 965 1339 1049 prolixam
1372 967 1445 1031 sub·

232 1069 334 1153 iungit
359 1069 561 1137 doctissimus
578 1070 734 1165 ⁸Pontifex
762 1070 803 1137 de
827 1069 1042 1135 controversia
1064 1067 1224 1134 ·Siriciana
1258 1069 1445 1154 disputatio-

232 1197 318 1260 nern,
350 1175 470 1258 inqua
500 1174 682 1260 cumprimis
714 1195 755 1241 ea
783 1172 935 1260 expendit
958 1192 1039 1256 quae
1063 1171 1168 1265 Sirieii
1195 1171 1305 1238 favent
1331 1173 1445 1239 sancti-

232 1278 390 1361 tatipquo
414 1283 559 1362 spectant
580 1285 769 1362 argumenta
792 1279 833 1344 ab
857 1276 1006 1362 opinione
1029 1276 1169 1342 etfama
1192 1277 1379 1362 sanctitatis,
1403 1277 1444 1342 ab

233 1383 300 1447 eius
334 1383 500 1449 virtutibus
533 1403 573 1449 ac
603 1383 757 1468 probatae
790 1381 865 1446 fidei
896 1379 1131 1464 Martyrologiis
1165 1381 1274 1466 petita.
1320 1379 1445 1447 Deinde

232 1506 314 1570 quae
347 1493 457 1552 contra
484 1485 630 1552 Siricium
665 1484 759 1550 obiici
792 1484 909 1566 solent,
944 1485 1058 1566 quibus
1083 1481 1220 1552 fortasse
1245 1486 1347 1552 innixi
1370 1485 1444 1553 Cor-

232 1596 371 1656 rectores
394 1591 453 1656 sub
470 1589 624 1673 Gregorio
637 1590 725 1654 XIII.
749 1607 865 1653 nomen
888 1586 993 1652 siricii
1015 1585 1220 1653 reiieiendum
1244 1595 1443 1675 censuerunt,

232 1689 396 1759 enumerat
411 1715 449 1760 ac
464 1694 614 1761 confutat.
650 1692 756 1758 Causa
779 1689 874 1774 igitur
897 1689 976 1756 satis
1000 1693 1128 1773 cognita
1150 1713 1189 1758 ac
1211 1693 1327 1760 vatidIs
1349 1694 1444 1760 ratio·

232 1796 324 1862 nibus
347 1803 379 1862 et
401 1797 612 1864 monumentis
635 1817 717 1880 quae
741 1795 845 1860 stricti
872 1794 1074 1860 sanctitatem
1107 1795 1326 1863 demonstrant
1347 1801 1446 1884 probe

231 1901 400 1986 discussis,
435 1901 627 1967 Benedictus
649 1899 735 1966 XIV.
769 1899 871 1965 Siricii
901 1919 1017 1964 nomen
1044 1899 1271 1986 Martyrologto
1302 1905 1446 1971 Romano

233 2005 468 2072 inscribendum
492 2003 700 2092 mandante)
778 2077 789 2088 ἱ

338 2317 356 2385 ¹)
374 2315 565 2370 Difficultates
587 2329 663 2384 quae
688 2312 872 2383 obstiterunt,
900 2312 1048 2382 quominus
1068 2310 1203 2370 Clemens
1220 2312 1446 2373 Alcacuadrincs

231 2401 259 2455 in
283 2403 490 2472 Martyrologio
515 2401 693 2472 Gregoriano
717 2399 812 2454 locum
836 2398 978 2454 othneret
1005 2399 1143 2471 debltam,
1170 2418 1227 2456 non
1245 2403 1317 2458 adeo
1341 2420 1446 2473 graves

232 2481 263 2543 ut
281 2489 410 2558 superari
433 2491 575 2558 nequeant
596 2487 663 2540 mibi
689 2501 751 2540 esse
772 2485 915 2540 videntur.
951 2485 1059 2540 Etenim
1080 2487 1103 2542 si
1121 2492 1250 2542 veterum
1275 2491 1446 2559 scriptorum

233 2575 268 2628 de
285 2573 412 2628 moribus
431 2590 464 2629 ac
482 2576 544 2628 vita
566 2573 717 2629 Clementis
746 2572 909 2628 obtenditur
932 2573 1087 2642 silentium,
1114 2589 1208 2642 pauca
1232 2591 1300 2630 sane
1325 2577 1447 2632 fatemur

233 2662 268 2716 de
286 2660 455 2730 presbytero
474 2659 667 2714 Alexandrino
686 2662 827 2713 momenta
845 2659 1033 2730 biographiea
1050 2660 1133 2715 nobis
1152 2677 1214 2716 esse
1232 2663 1348 2735 tradita,
1367 2665 1446 2733 atqui

232 2749 316 2818 plura
341 2762 426 2816 quam
444 2746 479 2800 de
497 2745 592 2800 multis
616 2746 680 2801 aliis
704 2760 824 2814 quornm
850 2745 963 2800 nomina
980 2746 1008 2800 in
1027 2761 1125 2802 sacras
1142 2748 1257 2804 tabulas
1275 2755 1340 2804 sunt
1357 2750 1446 2804 illata.

233 2834 301 2904 (Cfr.
320 2830 478 2900 Reinlcena
498 2833 541 2887 De
554 2831 696 2888 Clemente
714 2831 888 2901 Presbytero
906 2832 1108 2888 Alexandrino.
1127 2833 1331 2891 Vratisl.1851.
1351 2837 1447 2907 Capl

232 2925 261 2975 et
285 2938 331 2990 op.
354 2937 389 2975 m.
411 2919 494 2974 inser.
523 2916 690 2986 ,Clementis
716 2919 900 2974 Alexandrini
931 2917 966 2973 de
1009 2918 1077 2987 λόγῳ
1104 2920 1249 2976 doctrina*
1276 2923 1351 2993 Lips.
1371 2925 1446 2978 1855.

232 3008 393 3078 Prolegom.
412 3024 439 3076 p.
457 3007 474 3061 3
493 3009 554 3076 sq).
590 3007 655 3064 Jam
674 3006 702 3062 S.
720 3005 884 3061 Alexander
906 3005 1193 3078 Hierosolymitanus,
1220 3010 1300 3063 cuius
1323 3009 1446 3080 elogium

230 3095 260 3148 in
286 3093 493 3164 Martyrologio
522 3095 651 3148 Romano
680 3091 888 3162 quintodecImo
918 3091 1064 3147 Kalendas
1091 3093 1199 3164 Aprilis
1225 3094 1359 3166 habetur,
1389 3113 1446 3151 non

232 3182 323 3236 solum
349 3181 378 3234 in
406 3178 528 3249 epistola
555 3181 593 3236 ad
620 3178 828 3235 Antiochenses
855 3177 969 3247 (Euseb.
997 3178 1239 3252 existumavi,
1261 3184 1304 3251 11)
1331 3183 1447 3238 beatum

232 3266 430 3337 presbyterum
455 3267 640 3337 Clementem,
667 3265 760 3320 virum
777 3264 885 3320 virtute
908 3264 1068 3334 praeditum
1087 3271 1116 3322 et
1132 3269 1298 3340 probatum,
1325 3274 1447 3325 testatur

232 3354 380 3409 eeclesiam
403 3352 506 3408 Christi
530 3359 558 3410 et
581 3353 761 3409 confirmasse
787 3356 815 3406 et
839 3351 966 3422 auxisse,
996 3352 1047 3406 sed
1066 3353 1150 3407 etiam
1168 3354 1196 3408 in
1214 3355 1316 3411 litteris
1332 3358 1369 3411 ad
1388 3356 1447 3412 Ori·

232 3455 331 3510 genem
359 3439 434 3494 dabs
461 3440 663 3511 (l.o.V1‚14)
691 3439 755 3509 pari
783 3437 898 3508 pietatis
923 3442 952 3492 et
975 3439 1168 3494 venerationis
1195 3441 1300 3496 affectu
1328 3444 1446 3522 eupdem

232 3527 407 3582 Pantaenum
434 3526 483 3580 tob
505 3525 649 3599 μακάριον,
679 3527 759 3582 euius
785 3525 890 3580 mentio
917 3524 949 3578 fit
976 3525 1064 3580 Nonis
1090 3526 1159 3583 Julii
1185 3527 1215 3582 in
1238 3524 1454 3600 Martyrologio¹

235 3611 376 3683 Romano,
403 3629 438 3669 ac
461 3613 631 3669 Clementem
654 3612 702 3666 τόν
724 3610 796 3683 ἱερόν
818 3611 976 3680 praedicat.
1012 3612 1073 3666 Etsi
1096 3619 1190 3668 autem
1213 3616 1288 3670 ultro
1314 3617 1446 3670 daremus

234 3697 288 3754 hoc
307 3699 402 3769 ipsum
428 3701 574 3772 epItheton
600 3702 716 3756 iunuere
739 3697 909 3754 Clementem
937 3699 1033 3767 potius
1059 3716 1170 3754 sacrum
1197 3717 1281 3770 quam
1309 3708 1446 3773 sanctum,

232 3803 342 3842 necnon
373 3788 469 3844 Sancti
500 3776 755 3846 denominationem
785 3789 882 3858 primis
910 3787 1057 3843 Ecclesiae
1092 3789 1267 3857 temporibus
1301 3790 1446 3860 religionis

233 3875 328 3944 potius
353 3891 437 3945 quam
460 3874 605 3934 christiani
627 3877 847 3948 profitebantur,
876 3891 961 3944 quam
978 3873 1092 3944 probati
1116 3875 1252 3944 cuiusque
1270 3876 1356 3930 moris
1374 3876 1446 3931 indi·

232 3960 305 4014 cium
333 3961 435 4031 fuisse,
465 3963 594 4018 eximIam
620 3969 715 4019 tamen
737 3963 888 4019 ClemenIIs
916 3961 1093 4017 sanctitatem
1117 3965 1232 4030 praeter
1253 3961 1446 4017 Alexandrum

231 4047 401 4102 unanimiter
419 4047 587 4104 confirmant
597 4050 782 4122 Epiphanius,
800 4048 1006 4116 Theodoretus,
1023 4048 1133 4103 Auctor
1147 4047 1278 4102 Chronici
1291 4049 1446 4120 Paschalis,

231 4134 379 4205 Maxirnus,
398 4134 525 4190 Ioannes
543 4137 738 4192 Damasceuus
756 4133 824 4204 (Cfr.
836 4133 972 4190 Veterum
990 4132 1205 4194 Testimonium
1218 4133 1303 4190 Clem.
1316 4135 1361 4190 Al.
1375 4135 1446 4205 Opp.

232 4221 276 4276 ed.
300 4221 402 4293 Migne.
430 4223 495 4277 Par.
518 4225 594 4278 1857.
621 4224 700 4279 Tum.
719 4223 741 4277 1.
768 4239 796 4291 p.
817 4221 851 4276 33
870 4223 932 4290 sq).
968 4221 1058 4275 Porro
1085 4221 1216 4275 nolumus
1243 4221 1356 4290 quidem
1385 4239 1447 4276 eum

233 4306 359 4378 Georgio
387 4323 548 4376 provocare
571 4309 608 4364 ad
630 4307 827 4380 Martyrologii
850 4306 959 4361 Adonis
988 4307 1174 4378 exemplaria,
1202 4309 1230 4361 in
1254 4309 1356 4378 quibus
1380 4313 1454 4378 post¹

150 4415 152 4422 .
232 4392 543 4472 septimanorum
566 4396 741 4468 italegitur:
771 4393 978 4461 „Alexandriae
1001 4393 1078 4448 beati
1102 4394 1251 4450 Clementis
1274 4397 1446 4468 Presbyteri,

232 4480 321 4548 quiin
334 4480 494 4536 divinarum
512 4483 702 4538 eruditionum
720 4480 825 4536 scholis
843 4480 1048 4549 quammaxime
1061 4480 1208 4551 effloruitt
1226 4498 1313 4552 quum
1327 4483 1447 4538 Codices

232 4564 390 4635 dequibus
415 4566 511 4636 agitur
533 4572 591 4623 tres
612 4569 745 4624 Vaticani
773 4565 895 4622 saeculis
920 4566 1031 4620 demum
1049 4567 1099 4620 XI.
1119 4571 1148 4622 et
1165 4567 1230 4623 XII.
1249 4569 1357 4624 exarati
1377 4560 1446 4639 sint3

231 4651 287 4706 imo
313 4653 495 4708 concedimus
519 4653 681 4710 Usuardum
702 4654 790 4710 fuisse
814 4652 934 4722 prImum
958 4653 1006 4722 qui
1025 4651 1175 4708 Clementis
1199 4671 1301 4710 nomeu
1319 4655 1348 4708 in
1366 4671 1447 4708 suum

231 4738 467 4810 Martyrologium
486 4739 620 4812 Intulerit,
638 4742 754 4796 Patrem
772 4743 901 4794 veterum
920 4739 955 4794 de
969 4738 1111 4794 Clemente
1130 4739 1296 4794 testimoniis
1312 4741 1447 4800 iunixum.

233 4823 324 4890 Quum
342 4841 413 4880 vero
433 4829 544 4882 constet
561 4825 711 4882 lectionem
729 4825 881 4882 Usuardiui
893 4825 1091 4897 Martyrologii
1110 4826 1148 4880 ad
1166 4842 1262 4880 omnes
1279 4825 1339 4881 fere
1357 4826 1447 4882 ecclc-

1276 4912 1291 4968 I
