3350 5484
845 376 886 438 89

256 524 337 590 haec
358 525 390 590 in
415 525 503 592 Actis
526 533 636 592 notata
657 527 819 611 leguntur:
855 525 1008 609 „Videtur
1036 526 1281 592 examinandum
1306 545 1393 611 esse,
1429 547 1470 590 an

259 628 300 694 sit
322 627 376 693 ille
399 629 451 712 qui
475 629 508 694 in
532 629 638 696 Callia
660 631 866 716 praedicavit.
904 631 984 696 Nam
1009 631 1115 697 multis
1138 631 1243 718 placet
1264 631 1364 696 fnisse
1387 650 1470 696 erro-

259 752 324 797 rem
348 733 525 820 Hincmari,
560 733 645 818 quod
673 741 841 802 censeatur
868 754 940 802 esse
962 734 1057 800 idem.
1103 737 1144 800 Et
1165 735 1322 801 Batonius
1346 755 1472 819 quoque

258 835 382 902 videtur
405 858 544 924 errasse,
569 839 644 922 quia
667 860 729 905 non
752 839 877 905 uiderat
898 830 1062 922 antiquum
1085 839 1362 924 Martyrclogium,
1386 837 1470 921 quod

257 940 378 1006 latebat
400 943 433 1006 in
455 943 626 1026 Vaticano,
653 943 686 1009 in
704 943 1031 1027 quodistinguuntur
1053 943 1116 1009 duo
1139 943 1286 1028 Dionysii
1309 942 1469 1029 Episcopi,

257 1045 339 1110 aller
360 1045 565 1132 Areopagitas,
589 1048 671 1114 aller
693 1047 894 1112 Parisiensis.
940 1050 982 1112 At
1003 1048 1203 1131 Hincmarus,
1226 1048 1275 1113 vir
1297 1046 1470 1112 turbulenti

259 1149 392 1234 ingenii,
426 1157 460 1216 ut
480 1151 660 1217 Ecclesiam
689 1151 886 1218 Gallicanam
916 1151 1096 1237 extolleret,
1131 1151 1259 1238 scripsit
1282 1150 1469 1236 Dionysium
1510 1175 1516 1190 =

257 1274 350 1337 quem
375 1254 459 1320 Calli
483 1255 590 1322 colunt
613 1275 685 1322 esse
708 1255 1007 1342 Areopagitam.“⁴)

366 1513 382 1580 ¹)
403 1516 458 1570 Zur
475 1515 764 1586 Kirchengeschichte
783 1516 834 1571 des
852 1515 1054 1572 sechszehnten
1075 1517 1132 1572 und
1152 1515 1368 1572 siebenzehnten
1387 1515 1471 1572 Jahr-

259 1600 403 1658 hunderts.
439 1601 504 1658 Vcn
522 1603 556 1658 H.
574 1605 605 1658 L.
641 1603 781 1674 Freiburg
798 1604 816 1658 i.
835 1605 881 1658 Br.
901 1606 977 1659 1863.
995 1622 1022 1674 p.
1042 1605 1093 1659 104
1111 1619 1152 1674 sq.

363 1689 383 1758 ³)
406 1689 523 1744 Editore
549 1689 744 1745 Bibliothecae
782 1691 999 1746 Ecclesiasticae
1032 1691 1181 1760 (Antverp.
1204 1688 1271 1744 1639
1293 1691 1360 1759 sql,
1390 1704 1471 1757 quem

258 1775 385 1831 Joannes
404 1774 493 1831 Bona
513 1776 621 1842 „virum
638 1776 744 1832 multae
763 1778 910 1833 doctrinae
928 1781 957 1832 et
975 1777 1152 1847 eruditionis,
1173 1778 1255 1832 etde
1273 1775 1473 1832 ecclesiasticis

260 1862 478 1931 antiquitatibus
506 1863 611 1933 optime
637 1865 781 1920 merituml
811 1866 886 1932 (Not.
904 1869 979 1920 auct.
998 1865 1068 1936 Opp.
1092 1881 1165 1920 omn.
1183 1864 1227 1920 ed.
1245 1864 1384 1933 Antverp.
1404 1862 1473 1918 1694

257 1965 284 2018 p.
303 1949 364 2016 580)
383 1949 518 2018 appellat.

364 2033 384 2104 ³)
403 2036 533 2091 Lutetiae
551 2036 724 2091 Parisiorum
745 2037 849 2093 natalis
872 2042 1035 2093 sanctorum
1056 2041 1211 2108 martyrum
1234 2035 1364 2106 Dionysii
1382 2035 1472 2090 Areo-

257 2121 374 2192 pagitae
391 2123 532 2194 episcopi,
555 2123 665 2180 Rustici
682 2123 846 2193 presbyteri
862 2128 890 2179 et
907 2123 1062 2179 Eleutherii
1081 2123 1207 2178 diaconi:
1232 2138 1267 2177 en
1285 2122 1387 2191 quibus
1405 2122 1473 2178 Dio·

257 2209 356 2279 nysius
375 2207 411 2263 ab
429 2208 571 2279 Apostolo
594 2211 684 2266 Paulo
702 2210 877 2282 baptizatus,
903 2211 1010 2281 primus
1027 2209 1240 2264 Atheniensium
1260 2209 1411 2278 episcopus
1430 2212 1474 2263 est

259 2294 418 2349 ordinatus:
446 2294 548 2350 deinde
571 2296 690 2352 Romam
713 2298 843 2368 veniens,
871 2297 991 2352 abeato
1015 2297 1158 2352 Clemente
1184 2297 1313 2351 Romano
1335 2293 1473 2350 Pontifice

260 2381 289 2436 in
313 2380 421 2436 Gallias
447 2381 631 2450 praedicandi
655 2385 750 2454 gratia
776 2385 902 2440 directus
925 2388 982 2439 est:
1011 2387 1040 2438 et
1063 2384 1101 2438 ad
1122 2383 1281 2453 praefatam
1303 2381 1403 2437 urbem
1426 2381 1473 2436 de·

258 2467 388 2538 veniens,
419 2483 481 2522 cum
504 2468 544 2523 ibi
566 2486 618 2539 per
640 2471 750 2541 aliquot
773 2487 862 2526 annos
890 2471 1065 2526 commissum
1089 2470 1143 2526 sibi
1168 2486 1241 2539 opus
1265 2468 1387 2524 fideliter
1408 2483 1473 2536 pro·

260 2557 441 2624 sequeretur,
467 2555 581 2610 tandem
599 2572 616 2610 a
634 2558 780 2626 praefecto
802 2558 975 2614 Fescennino
994 2562 1060 2626 post
1082 2555 1251 2626 grauissima
1269 2559 1472 2609 tormentorum

260 2655 367 2709 genera
385 2656 442 2695 una
460 2657 523 2694 cum
542 2643 626 2698 sociis
644 2643 741 2713 gladio
760 2645 987 2714 animadversus,
1005 2644 1170 2714 martyrium
1190 2641 1351 2710 complevit.

366 2727 386 2794 ⁴)
405 2726 536 2796 Opinioni
554 2728 642 2798 igitur
660 2730 696 2785 (16
715 2731 826 2786 duobus
838 2731 992 2802 Dionysiis,
1011 2746 1084 2800 quae
1103 2730 1181 2800 apud
1199 2724 1325 2784 Graecos
1344 2727 1473 2782 Latinos·

260 2829 315 2882 que
333 2814 489 2883 antiquitus
507 2815 609 2886 viguit,
626 2833 679 2871 nec
697 2817 771 2873 inter
787 2819 868 2874 viros
886 2819 987 2872 doctos
1006 2817 1109 2887 quibus
1126 2815 1258 2870 Urbanus
1276 2813 1356 2868 VIII.
1378 2829 1474 2868 curam

259 2900 457 2970 Martyrologii
483 2901 655 2958 reformandi
681 2905 871 2975 commiserat,
898 2904 1011 2974 patroni
1031 2902 1188 2958 defuerunt.
1224 2901 1263 2955 At
1282 2899 1473 2970 Congregan

260 3002 375 3041 causam
392 2987 475 3042 istam
493 2989 618 3042 nondum
636 2990 706 3046 satis
724 2997 830 3046 certam
848 2996 878 3046 et
895 2991 960 3045 ideo
979 2995 1107 3060 tempore
1128 2991 1244 3058 postero
1269 2985 1475 3042 decernendam

260 3073 408 3144 arbitrata,
426 3075 608 3130 mutationem
627 3077 656 3130 in
674 3081 753 3132 textu
771 3078 969 3148 Martyrologii
989 3075 1157 3147 Gregoriani
1176 3076 1203 3130 d.
1221 3076 1246 3130 9.
1265 3065 1388 3143 Octobr,
1406 3087 1475 3141 quo·

260 3176 322 3214 cum
347 3165 485 3216 consonat
512 3163 729 3218 commentarius
751 3165 779 3218 in
804 3164 976 3219 lectionibus
1002 3163 1143 3218 Breviarii
1171 3161 1286 3232 obvius,
1315 3159 1475 3215 faciendam

261 3249 362 3318 omisit,
381 3248 448 3317 quin
465 3253 560 3304 tamen
578 3250 704 3305 eruditas
723 3251 758 3306 de
778 3251 945 3321 quaestione
964 3255 1152 3305 controversa
1170 3247 1392 3317 disceptationes
1409 3261 1474 3316 pro·

261 3333 413 3402 scripserIt.
450 3333 505 3388 Cfr.
530 3335 629 3404 Prosp.
659 3333 910 3398 nemeaeum
934 3336 1014 3392 Serv.
1038 3336 1092 3391 Dei
1113 3334 1215 3390 Beatif.
1234 3333 1285 3404 IV,
1302 3335 1327 3388 2.
1346 3334 1388 3388 13.
1412 3349 1439 3387 n.
1457 3333 1475 3387 8

261 3421 316 3488 (ed.
326 3421 402 3474 Prat.
417 3437 443 3490 p.
454 3421 531 3489 528):
551 3421 700 3477 Corradus
710 3419 894 3495 ‘Jaonlnpus
913 3423 1046 3493 egregius
1064 3421 1252 3477 Continuator
1269 3420 1474 3476 Bollandianns

259 3506 288 3561 in
313 3507 449 3578 apologia
472 3524 525 3576 pro
549 3507 630 3564 Actis
653 3507 821 3564 Sanctorum
846 3510 923 3564 edita
943 3509 1121 3579 Antverpiae
1145 3508 1258 3564 61695
1281 3523 1348 3578 pag.
1366 3508 1408 3562 12.
1425 3506 1474 3562 ubi

261 3609 352 3650 sermo
376 3599 419 3649 est
441 3594 477 3648 de
499 3594 582 3650 factis
608 3595 764 3666 historicis,
792 3612 866 3666 quae
894 3596 1048 3666 aliquando
1077 3599 1231 3652 occurrunt
1253 3595 1282 3648 in
1307 3593 1475 3649 lectionibus

261 3679 352 3736 Officii
370 3681 538 3750 approbatis
557 3699 575 3737 6
592 3699 738 3738 sacrorum
755 3684 859 3738 rituum
878 3683 1119 3754 Congregatione,
1147 3681 1273 3736 subiicit:
1302 3681 1423 3747 „Fateor
1441 3696 1476 3734 ex

261 3767 398 3822 eiusmodi
425 3768 632 3837 approbatione
659 3770 783 3825 historiis
810 3771 1009 3825 auctoritatem
1037 3769 1187 3840 accedere3
1222 3783 1315 3837 neque
1342 3765 1417 3820 ullus
1444 3766 1474 3820 id

261 3855 413 3924 negaverit
440 3855 618 3912 Catholicus:
648 3861 771 3916 atvero
799 3857 937 3912 accedere
963 3857 1077 3927 talem,
1094 3860 1126 3910 ut
1148 3853 1251 3909 falsum
1278 3853 1395 3908 subesse
1417 3868 1475 3907 non

261 3939 353 4010 possit
374 3939 498 3996 historiis
521 3942 574 3997 sub
598 3944 806 4013 approbatione
829 3945 880 3998 tali
903 3944 960 4014 legi
982 3943 1139 4013 permissis,
1167 3945 1218 3996 aut
1240 3944 1273 3994 61
1290 3940 1345 3994 viri
1373 3939 1476 3994 eruditi

261 4026 465 4098 prohibeantur
488 4029 566 4084 circa
583 4028 647 4082 illas
667 4028 826 4100 disputare,
854 4031 890 4085 ab
908 4031 1000 4100 iisque
1017 4030 1129 4086 ratione
1147 4029 1223 4084 bona
1241 4028 1298 4082 nixi
1317 4026 1475 4096 dissentire,

261 4129 296 4168 ne
319 4113 383 4184 ipsa
409 4113 522 4184 quidem
550 4130 633 4170 sacra
661 4114 852 4185 Congregatio
880 4117 1049 4186 praetendit.
1088 4116 1200 4170 Patitur
1227 4113 1300 4170 onim
1327 4114 1363 4168 de
1389 4113 1476 4183 facto,

262 4201 455 4270 quaestionem
472 4200 577 4270 agitari
596 4201 630 4256 de
650 4201 677 4256 S.
690 4201 827 4272 Dionysio
847 4203 1048 4259 Parisiensium
1067 4204 1202 4272 Patrono,
1220 4217 1257 4255 an
1275 4199 1384 4255 scilicet
1400 4200 1475 4255 idem

262 4287 298 4341 sit
322 4303 385 4341 cum
406 4285 599 4358 Areopagita,
626 4303 662 4342 an
686 4304 757 4344 vero
786 4289 929 4362 diversus3
959 4291 1026 4345 item
1050 4304 1086 4343 an
1109 4303 1126 4342 a
1146 4286 1173 4342 S.
1193 4286 1335 4342 Clemente
1360 4285 1474 4340 saeculo

262 4375 351 4443 primo
371 4373 472 4428 missus
490 4373 527 4427 sit
543 4375 572 4428 in
591 4375 725 4446 Galliam,
753 4391 790 4430 an
807 4379 935 4446 tempore
953 4375 1033 4430 Decii
1057 4375 1173 4429 saeculo
1192 4373 1277 4429 tertio
1296 4414 1303 4428 .
1322 4377 1344 4428 .“
1381 4372 1476 4428 Utitur

261 4460 290 4514 in
308 4459 461 4529 praedictis
483 4459 580 4527 yerbis
604 4460 763 4531 Janningus
790 4463 919 4531 exemplo
945 4461 1119 4530 quaestionis
1141 4462 1176 4516 de
1195 4461 1222 4516 S.
1240 4460 1391 4530 Dionysio,
1418 4474 1475 4528 quo

263 4547 347 4602 etiam
374 4562 443 4601 usus
471 4550 515 4600 est
540 4544 768 4619 Papebrccluics.
804 4550 838 4603 In
860 4548 1028 4603 lectionibus
1056 4547 1157 4601 etenim
1184 4563 1237 4617 pro
1261 4547 1390 4602 Ecclesia
1415 4546 1476 4599 uni-

256 4634 367 4708 yersali
385 4633 515 4704 refertur,
534 4650 596 4689 eum
610 4649 644 4688 ex
657 4635 841 4705 Areopagitis
853 4633 1011 4703 Judioibus,
1031 4649 1150 4702 quorum
1168 4633 1296 4703 Collegio
1314 4631 1476 4701 adscriptus

263 4725 333 4791 erat,
351 4716 525 4790 praefectum
543 4719 630 4776 inisse
648 4721 794 4776 Ecclesiae
811 4719 1038 4789 Atheniensium,
1060 4723 1100 4789 et,
1125 4735 1188 4774 cum
1206 4720 1324 4774 Romam
1342 4719 1476 4790 venisset,

262 4808 376 4864 missum
394 4823 412 4862 a
431 4806 573 4864 Clemente
597 4806 734 4864 Pontifice
756 4808 785 4864 in
806 4807 929 4864 Calliam
951 4817 1039 4861 eausa
1065 4805 1249 4877 praedicandi
1276 4805 1475 4876 Evangelium:
