3350 5484
842 324 883 388 93

254 475 451 561 desumatur,
485 476 746 562 Martyrolugium
778 476 811 541 in
844 474 947 542 Ohoro
977 475 1043 560 legi
1075 473 1118 543 ad
1144 477 1206 542 Dei
1236 475 1386 563 gloriam,
1422 476 1464 544 ad

253 578 380 646 laudem
396 580 600 647 Sanctorum
632 581 771 666 ipsorum
800 601 931 663 quorum
955 583 1110 648 memoria
1142 582 1334 667 celebratur,
1369 590 1401 648 et
1422 583 1465 648 ad

254 685 386 762 fructum
415 706 523 751 eorum
547 687 599 769 qui
623 687 735 768 legunt
756 693 810 751 aut
833 684 979 770 audiunt3
1014 692 1079 752 tum
1103 687 1179 770 qnia
1201 687 1269 754 eius
1293 687 1387 754 lectio
1410 686 1466 752 fiat

254 789 294 855 ad
321 790 458 872 Primam
490 798 563 874 post
590 789 773 856 Orationem
809 790 965 875 ,DomIne
987 791 1075 856 Deus
1099 789 1318 876 omnipotens“
1355 799 1386 858 et
1408 793 1465 858 im-

253 893 392 960 mediate
423 893 522 978 (haud
545 894 667 977 absque
689 893 856 980 mysterio,
892 893 951 960 sed
974 894 1007 959 in
1030 897 1268 962 venerationem
1293 903 1325 963 et
1348 898 1465 964 cultum

254 1019 360 1065 eorum
381 1017 530 1081 ‘quorum
567 999 697 1066 uomina
727 999 810 1066 lecta
841 1003 926 1080 sunt)
963 999 1004 1064 ab
1035 999 1295 1067 Hebdomadario
1329 1001 1465 1068 dicatur:

255 1101 419 1189 „Pretiosa
441 1103 473 1168 in
498 1111 669 1188 conspectu
695 1103 821 1168 Domini
847 1123 931 1169 mors
955 1101 1144 1169 Sanctorum
1169 1107 1270 1172 eius.“
1310 1104 1464 1182 Quamvis

254 1214 359 1273 autem
387 1207 467 1274 haec
494 1207 623 1273 Bottinii
646 1209 805 1274 sementia
833 1207 976 1292 plurimis
1002 1209 1138 1293 probata
1161 1209 1214 1294 sit,
1246 1217 1357 1276 >tumen
1380 1209 1465 1276 haud

254 1311 435 1396 defuerunt,
469 1311 523 1394 qui
550 1332 620 1378 cum
650 1313 808 1378 Fatiuello
841 1311 995 1378 Gamerae
1027 1312 1234 1398 Apostolicae
1266 1313 1389 1381 Olonico
1412 1315 1465 1381 de·
1526 1371 1527 1374 ,

254 1411 460 1501 scriptionem
483 1413 525 1482 de
547 1436 611 1499 qua
634 1416 807 1501 quaeritur,
831 1417 1013 1483 censuerint
1034 1437 1097 1482 nou
1121 1415 1164 1481 ad
1186 1417 1318 1502 cultum,
1342 1419 1400 1484 sed
1423 1418 1466 1485 ad

253 1517 437 1586 memoriam
470 1528 633 1603 gestorum
665 1517 878 1608 pertinere,*)
912 1539 1007 1603 quum
1031 1519 1205 1603 Gregorius
1228 1519 1319 1586 XIII.
1343 1521 1376 1587 in
1399 1524 1465 1590 suis

252 1622 366 1690 litteris
388 1624 581 1710 Apostolicis
604 1623 720 1690 dixerit
738 1644 774 1691 se
789 1644 928 1709 curasse,
953 1630 987 1689 ut
1002 1625 1178 1691 Romanum
1202 1625 1463 1712 Martyrologium

252 1725 295 1794 ad
316 1725 411 1794 fidem
434 1727 600 1814 historiae,
624 1749 706 1812 quae
729 1749 833 1795 rerum
856 1731 1034 1813 gestarum,
1058 1749 1281 1815 personarum,
1313 1731 1464 1816 locorum,

251 1838 428 1918 temporum
450 1832 584 1900 veritate
607 1834 793 1918 continetur,
818 1833 974 1901 ederetur.
1019 1834 1131 1917 Itaque
1154 1833 1343 1901 Cardinales
1365 1835 1465 1901 sacris

251 1934 363 2002 ritibus
384 1936 568 2023 praepositi,
592 1957 687 2021 quum
710 1937 743 2001 in
765 1937 873 2003 varias
896 1937 1020 2004 abirent
1042 1937 1220 2024 opiniones,
1249 1939 1466 2007 controversia

252 2059 316 2106 non
344 2040 499 2125 resoluta,
534 2047 585 2108 sat
611 2039 791 2106 habuerunt
823 2042 994 2108 Decretum
1025 2061 1123 2129 supra
1154 2049 1362 2110 memoratum
1395 2064 1466 2130 pro·

253 2143 409 2228 mulgare.

354 2390 385 2459 a)
403 2389 433 2444 Si
444 2404 532 2459 meus,
550 2388 754 2458 qualiscunque
767 2387 812 2459 sit,
830 2403 929 2442 sensus
940 2387 969 2441 in
982 2385 1035 2441 hac
1048 2385 1240 2457 dIsputatione
1259 2387 1464 2462 exquireretur,
1529 2381 1537 2398 ⁸

252 2475 372 2530 dicerem
398 2475 500 2546 primo,
528 2474 746 2544 descrIptionem
769 2474 888 2528 nominis
916 2473 1035 2528 alicuius
1059 2474 1088 2528 iu
1105 2475 1311 2545 Martyrologio
1335 2476 1464 2532 Romano

252 2561 289 2616 ad
301 2561 448 2617 historiam
465 2565 611 2632 gestorum
628 2561 784 2631 pertinere:
802 2576 936 2631 quorsum
955 2561 1058 2615 etenim
1074 2561 1224 2616 tenderent
1236 2567 1280 2617 tot
1293 2563 1465 2636 diligentiae,

252 2664 326 2718 quae
343 2650 563 2718 praemittuntur
583 2653 649 2704 ante
667 2649 787 2704 nominis
813 2647 1046 2718 descriptionem,
1071 2653 1171 2718 totque
1188 2649 1386 2720 Martyrologii
1405 2667 1467 2706 cor·

251 2736 405 2807 rectiones,
434 2735 457 2790 si
476 2735 627 2805 descriptio
646 2735 684 2790 ad
701 2733 785 2790 finem
805 2733 942 2789 historiae
960 2749 1017 2788 non
1036 2739 1111 2789 esset
1132 2734 1300 2790 referenda?
1335 2736 1466 2792 Dicerem

251 2823 389 2893 secundo,
415 2823 564 2894 legendum
588 2823 687 2891 utiquc
712 2837 774 2876 esse
797 2820 826 2874 in
844 2819 938 2874 Choro
956 2820 1191 2890 Martyrclogium
1218 2821 1389 2894 Romanum,
1416 2825 1467 2879 sed

250 2924 342 2978 neque
369 2925 404 2964 ex
430 2909 550 2965 nominis
577 2907 782 2978 descriptione,
810 2923 902 2976 neque
931 2923 965 2962 ex
991 2906 1112 2961 lectione
1139 2907 1168 2960 in
1195 2906 1306 2980 Choro,
1335 2915 1466 2979 spectata

218 3043 221 3058 ,
252 2993 398 3066 utriusque
416 2997 458 3052 rei
476 3000 592 3067 natura,
617 2998 817 3066 argumentum
838 2994 934 3048 inferri
953 2993 991 3048 ad
1008 2993 1152 3062 puhIIcum
1171 2994 1276 3048 cultum
1295 2997 1466 3052 auctoritate

250 3080 396 3138 Ecclesiae
423 3083 622 3139 demandatum
645 3086 696 3138 aut
718 3080 885 3152 permissum
907 3077 935 3133 in
957 3079 1092 3135 universa
1118 3079 1299 3137 Ecclesia..
1334 3082 1465 3138 Dicerem

252 3167 373 3238 denique
390 3169 491 3241 tertio,
519 3169 678 3224 annuntiari
696 3169 724 3222 in
742 3166 950 3237 Martyrologio
972 3166 1085 3221 nomina
1104 3170 1133 3222 et
1151 3167 1286 3223 clariores
1304 3185 1350 3224 res
1368 3174 1465 3240 gestas

251 3269 348 3308 eorum
367 3257 460 3326 quiin
479 3273 513 3311 eo
532 3255 667 3324 descripti
684 3257 762 3324 sunt,
788 3257 820 3306 ut
838 3252 995 3307 excitentur
1017 3252 1130 3308 Fideles
1154 3253 1192 3308 ad
1209 3253 1408 3326 imitationem,
1436 3260 1465 3311 et

251 3342 335 3396 etiam
353 3343 391 3397 ad
409 3343 529 3414 cultum3
558 3342 609 3398 sed
626 3342 734 3396 intacta
757 3355 868 3408 semper
890 3343 1072 3408 permanente
1096 3340 1290 3395 ecclesiastica
1308 3341 1466 3414 discipliua,

249 3427 290 3482 ita
308 3431 353 3499 ut,
380 3427 403 3481 si
421 3443 468 3482 res
486 3427 523 3481 sit
541 3427 576 3482 de
594 3428 650 3482 iam
668 3426 856 3497 canonizatis,
883 3425 975 3480 cultus
999 3425 1037 3480 ad
1055 3442 1138 3495 quem
1162 3427 1321 3482 excitantur
1344 3429 1465 3502 Fideles,

250 3514 287 3568 sit
310 3513 524 3584 praeceptivus,
550 3513 720 3569 universalis
739 3516 767 3568 et
784 3511 929 3584 publicus3
960 3513 1072 3568 sivero
1100 3518 1204 3584 agatur
1228 3514 1263 3568 de
1285 3513 1465 3589 beatificatis,

250 3601 287 3655 sit
305 3601 418 3670 quidem
436 3599 575 3670 publicus,
594 3601 645 3655 sed
662 3603 771 3654 tantum
789 3599 943 3668 permis‘sus
960 3599 1090 3668 personis
1109 3605 1137 3656 et
1148 3601 1220 3656 Iocis
1238 3601 1353 3656 Indulto
1371 3603 1465 3657 Beati·

250 3685 391 3742 ficationis
409 3683 617 3754 comprehensis
636 3727 642 3740 .
661 3727 668 3741 .
687 3682 878 3756 (humbertis.
896 3686 939 3740 De
958 3684 1038 3741 Serv.
1056 3686 1109 3764 Dei
1128 3686 1224 3742 beatis.
1238 3687 1288 3758 IV,
1299 3689 1324 3743 2.
1339 3689 1371 3742 19
1383 3705 1409 3742 n.
1423 3689 1464 3746 16.

250 3773 306 3829 Dfr.
325 3774 385 3828 Em.
404 3773 440 3827 de
458 3769 597 3841 Aaeucdo,
614 3773 841 3828 Exercitationes
858 3772 982 3828 relectae
1000 3771 1100 3828 Venet.
1120 3775 1195 3830 1783.
1217 3791 1244 3844 p.
1263 3775 1314 3830 647
1334 3776 1386 3844 sq.)

790 4159 924 4248 LVII.

353 4433 470 4503 Labori
505 4456 544 4502 ac
577 4434 682 4503 studio
719 4435 884 4504 Benedicti
923 4435 1032 4522 Papae
1065 4436 1151 4504 XIV.
1191 4435 1464 4504 accuratIssimam

250 4537 404 4606 dehemus
437 4539 656 4626 Martyrologii
689 4539 877 4625 editionem,
916 4559 999 4624 quae
1031 4541 1116 4627 typis
1147 4539 1312 4609 Vaticanis
1336 4547 1465 4606 'excusa

249 4663 279 4710 a.
304 4645 388 4710 1749
422 4662 494 4708 cum
525 4643 699 4728 Privilegio
730 4642 854 4709 Summi
885 4642 1049 4710 Pontificio
1076 4645 1107 4712 in
1136 4645 1239 4712 lucem
1270 4641 1389 4730 prodiit
1419 4642 1466 4709 ita

250 4745 422 4832 inscripta:
468 4747 708 4834 ,Martyrologii
753 4747 889 4815 Romani
936 4747 1082 4831 Gregorii
1120 4749 1211 4814 XIII.
1256 4745 1345 4812 iussu
1387 4745 1465 4812 editi
