3350 5484
807 379 849 444 42

223 533 427 601 cardinalem
450 534 696 620 amplissimum,
729 536 817 602 cuius
840 534 1062 602 sanctissimae
1085 529 1169 601 vitae
1192 555 1310 620 mores,
1344 555 1433 618 egre·

218 639 370 722 giamque
403 639 535 724 insuper
569 638 778 706 eruditionem
812 639 869 704 tibi
900 639 979 708 satis
1015 647 1213 726 perspectam
1252 660 1325 706 esse
1355 639 1432 704 seio.

217 741 278 806 Hic
311 741 440 824 inquam
472 743 567 808 rebus
598 744 715 809 nostris
747 743 955 828 percognitis,
994 745 1134 826 egregiis
1165 743 1313 810 laudibus
1345 741 1432 826 apud

219 846 304 911 viros
328 867 472 930 quosque
495 847 650 932 eruditos,
682 869 721 914 ac
743 849 880 932 denique
903 847 989 933 apud
1011 848 1114 933 ipsum
1139 849 1302 914 Summum
1325 848 1430 914 Ponti-

218 948 309 1014 ficem
326 949 456 1016 mirifice
471 950 676 1036 praedicavit,
700 951 894 1035 easdemque
913 971 1064 1037 perquam
1086 959 1233 1019 accurate
1242 952 1267 1034 ⁷)
1288 951 1430 1019 edendas

219 1053 351 1120 curavit.
397 1051 508 1139 ltaque
531 1055 590 1120 sub
612 1055 721 1142 praelo
745 1057 849 1122 sunt.“

224 1229 457 1242 ——--—

328 1333 346 1402 ¹)
365 1335 484 1405 Optatas
508 1351 619 1405 semper
642 1340 879 1407 exspectatasque
903 1338 951 1392 diu
969 1336 1084 1407 pietatis
1105 1341 1173 1391 tuae
1196 1334 1310 1390 taudem
1334 1332 1431 1401 accepi

218 1417 330 1475 litteras
349 1426 401 1476 etc.
869 1433 872 1437 ·

325 1506 345 1576 ²)
364 1507 470 1580 Rapsa.
488 1505 613 1564 Albesia.
631 1510 683 1580 III,
703 1511 760 1564 139.
780 1509 839 1566 141.

325 1595 346 1664 ³)
363 1591 466 1650 Aldcri
482 1637 488 1649 .
507 1595 529 1666 I,
549 1596 598 1650 173
616 1612 658 1665 sq.

327 1681 347 1749 ⁴)
365 1611 481 1737 Alluml
493 1697 550 1736 non
568 1682 699 1739 relationi
718 1683 797 1739 Sixto
814 1684 849 1739 V.
868 1684 1019 1754 exhibitae,
1046 1685 1096 1739 sed
1114 1683 1192 1738 hisce
1210 1682 1310 1752 elogiis
1329 1681 1432 1750 quibus

220 1767 346 1822 Antistes
358 1770 598 1836 Ruremundensis
616 1788 688 1842 opus
700 1773 890 1826 Baronianum
907 1773 986 1842 prelo
1005 1771 1223 1826 submittendum
1234 1770 1342 1823 Romae
1355 1766 1432 1821 XIV.

219 1855 284 1909 Kal.
304 1855 445 1924 Septemb.
464 1875 489 1913 a.
509 1860 577 1916 1585
602 1859 746 1926 „Candido
770 1859 884 1913 Lectori
911 1858 1063 1913 christiano
1087 1855 1273 1926 Antiquitatis
1300 1855 1433 1910 ecclesia·

221 1942 310 1996 eticae
328 1943 473 1999 studioso“
494 1945 714 2002 commendavit:
743 1945 940 2000 Commentarii
958 1943 1130 1999 venerabilis
1149 1942 1251 1997 Christi
1269 1941 1432 1997 Sacerdotis

219 2029 253 2084 D.
273 2028 398 2084 Caesarii
421 2029 522 2086 Sorani
544 2033 572 2088 in
596 2031 830 2104 Martyrologium
853 2034 1020 2102 Romanurn,
1047 2047 1065 2085 a
1088 2029 1170 2084 nobis
1196 2029 1267 2083 locis
1295 2028 1433 2099 omnibus,

220 2131 255 2170 ex
271 2115 396 2170 iussione
419 2116 591 2173 Sanctissimi
616 2120 729 2174 Domini
746 2120 836 2174 nostri
854 2119 925 2175 Sinti
943 2121 1040 2188 Papae
1065 2117 1167 2187 quinti,
1193 2115 1332 2185 recogniti
1350 2115 1433 2170 nobis

220 2201 333 2271 quidem
350 2201 418 2256 nihil
437 2204 613 2276 obiecerunt,
641 2207 718 2276 quod
736 2206 839 2260 iustam
853 2213 1008 2261 'censuram
1032 2203 1133 2260 mereri
1158 2203 1257 2272 aequis
1277 2202 1432 2256 lectoribus

219 2287 365 2364 videatur,
393 2292 470 2360 quod
496 2292 534 2346 ad
559 2293 746 2348 orthodoxam
774 2293 886 2361 quidem
912 2292 997 2358 fidem
1023 2291 1237 2358 doctrinamque
1265 2287 1432 2343 catholicam

219 2375 349 2442 pertinet.
386 2376 415 2432 Si
434 2394 508 2447 quae
524 2381 673 2449 paradoxa
692 2380 860 2449 quibusdam
878 2380 952 2434 forte
969 2379 1156 2448 videbuntur,
1181 2376 1232 2430 illa
1249 2375 1379 2444 equidem
1397 2391 1431 2430 eo

220 2475 282 2514 esse
300 2460 364 2516 loco
383 2459 515 2520 habenda
533 2466 665 2537 arbitror,
683 2471 716 2520 ut
733 2467 846 2520 avidius
865 2471 1043 2536 expetantur,
1062 2469 1166 2520 etcum
1185 2461 1277 2517 solida
1295 2460 1432 2530 firmaque

219 2546 341 2601 veritate
360 2549 524 2621 consistant,
541 2551 675 2606 libentius
694 2551 883 2620 accipiantur:
912 2553 989 2621 quod
1007 2552 1036 2606 in
1054 2551 1088 2606 iis
1105 2551 1208 2620 insunt,
1226 2551 1258 2602 ut
1276 2552 1305 2603 et
1321 2547 1350 2601 in
1370 2547 1432 2602 aliis

218 2631 302 2686 huius
320 2637 445 2691 auctoris
463 2637 722 2708 lucubrationibus,
749 2639 861 2693 erudita
878 2639 1019 2710 inprimis,
1041 2637 1203 2709 praeclara,
1228 2639 1257 2690 et
1273 2633 1433 2688 incredibili

220 2718 389 2775 christianae
407 2721 584 2790 antiquitatis
602 2725 697 2780 studio
715 2725 743 2778 in
755 2725 848 2779 luceru
866 2730 961 2797 eruta;
980 2741 1053 2795 quae
1072 2721 1267 2779 admirandam
1285 2721 1432 2791 scriptoris

218 2807 387 2875 arguunt'in
405 2808 613 2865 Ecclesiasticis
634 2811 758 2867 historiis
783 2817 832 2867 aut
857 2813 1031 2882 corrigendis
1056 2816 1105 2866 aut
1127 2808 1311 2866 conciliandis
1328 2811 1379 2862 aut
1397 2807 1433 2861 de

220 2892 341 2962 ealigine
358 2909 511 2964 morsuque
528 2895 683 2952 blattarum
702 2899 834 2954 eruendis
851 2899 1027 2970 industriam,
1049 2897 1131 2952 sicuti
1150 2901 1178 2952 et
1194 2911 1290 2950 rarum
1309 2893 1434 2949 eiusdem

218 2977 305 3047 idque
331 2980 464 3050 argirtnm
489 2983 578 3038 variis
601 2986 636 3040 de
659 2985 783 3041 historiis
810 3002 902 3055 aequo
930 2987 1020 3040 minus
1047 2984 1155 3039 exactis
1168 2986 1231 3054 ¹aut
1257 2979 1313 3035 fide
1341 2979 1433 3050 dignis

219 3065 362 3137 iudicium,
381 3073 409 3124 et
427 3069 683 3127 elaboratissimum
701 3073 879 3142 antiquitatis
897 3071 1115 3127 Ecclesiastioae
1133 3069 1206 3124 inter
1223 3071 1267 3122 tot
1286 3066 1433 3121 salebrosa

219 3155 248 3206 et
266 3154 382 3222 spinosa
399 3156 489 3210 veluti
508 3157 623 3214 dumeta
641 3161 859 3230 investigandae
882 3159 1014 3214 studium.
1049 3157 1096 3210 Ad
1115 3153 1343 3225 cognoscendam
1361 3153 1433 3208 enim

218 3241 412 3295 venerandam
440 3243 523 3297 illam
547 3245 703 3314 Religionis
734 3245 912 3300 Christianae
942 3262 1000 3300 non
1029 3244 1115 3298 modo
1145 3232 1353 3311 antiquitatem,
1384 3239 1433 3294 sed

220 3330 381 3381 sanctornm
408 3330 492 3384 etiam
519 3331 635 3386 Patrum
657 3337 685 3386 ct
713 3330 901 3402 Synodorum,
927 3335 1111 3400 actorumque
1132 3331 1161 3384 in
1180 3328 1283 3384 Christi
1303 3327 1434 3382 Ecclesia

160 3417 161 3420 ’
219 3415 256 3469 ab
275 3431 366 3484 usque
384 3417 427 3470 sui
447 3419 563 3473 exordio
581 3435 676 3474 rernm
693 3419 857 3488 veritatem,
875 3422 982 3472 certam
1000 3433 1137 3472 annorum
1156 3415 1269 3485 scriem,
1285 3412 1433 3482 liquidam-

219 3516 274 3570 que
290 3505 448 3570 temporum
466 3503 739 3560 intricatissimorum
758 3506 988 3574 supputationem
1007 3503 1114 3558 faciant
1131 3501 1240 3571 eximie,
1258 3500 1433 3570 potissimum

218 3589 252 3643 iis
266 3589 312 3658 qui
332 3591 406 3644 serio
426 3589 561 3646 historiae
580 3592 797 3646 Ecclesiasticae
810 3607 845 3646 ex
857 3608 927 3646 vero
947 3589 1163 3662 cognoscendae
1182 3586 1276 3642 studio
1293 3589 1433 3654 tenentur,

218 3691 323 3746 vanas,
350 3676 532 3746 apocryphas
557 3683 585 3732 et
603 3677 703 3746 aniles,
729 3694 764 3732 nc
789 3678 880 3732 dicam
908 3675 1120 3746 superstitiosas
1147 3671 1271 3728 execrati
1297 3671 1433 3742 fabellas3

220 3778 293 3831 quae
311 3763 427 3834 longum
445 3768 511 3834 post
528 3781 664 3834 somnum,
682 3763 804 3834 scriptis,
821 3764 877 3817 imo
891 3764 983 3818 doctis
1002 3762 1108 3831 alioqui
1126 3758 1314 3829 scriptoribus
1331 3757 1433 3812 sensim

218 3849 375 3920 irrepentes
393 3850 610 3921 Ecclesiasticis‚
628 3867 684 3904 non
701 3851 804 3906 leviter
822 3866 919 3905 sacras
938 3850 1204 3906 contaminaverunt
1216 3844 1264 3900 SS.
1277 3845 1433 3915 Martyrum

218 3936 359 3992 historias.
395 3938 525 4008 Denique
536 3941 569 3992 ut
581 3937 664 3992 finem
676 3937 787 4008 faciam,
805 3938 1027 4008 incomparabile
1045 3937 1097 3991 tibi
1115 3933 1246 3989 adferant
1263 3935 1433 3987 momentum

219 4024 257 4078 ad
285 4025 405 4079 solidam
430 4040 525 4079 rerum
552 4024 581 4078 in
608 4023 738 4078 Ecclesia
759 4025 917 4085 ¹dubiarum
943 4025 972 4078 in
997 4028 1143 4095 posterum
1173 4019 1433 4075 constituendarum

220 4107 460 4164 confirmationem
488 4109 628 4164 adversus
641 4111 844 4182 ,vertiginosa
874 4128 909 4166 ne
927 4112 1025 4166 ‘dicam
1053 4107 1227 4176 semidelira,
1256 4106 1433 4175 quorundam

218 4196 301 4251 huius
319 4197 406 4252 seculi
426 4196 602 4251 ardalionum
620 4196 885 4266 levissimorumque
903 4201 1074 4252 novatorum
1098 4196 1229 4264 (quorum
1246 4191 1340 4267 hodie,
1361 4191 1433 4262 proh

219 4284 316 4353 dolor,
342 4299 446 4354 magna
464 4287 507 4338 est
524 4283 614 4352 natio)
638 4283 766 4355 ingenia,
797 4284 844 4352 qui
863 4299 973 4338 sursum
996 4283 1127 4338 deorsum
1152 4282 1247 4336 omnia
1273 4281 1433 4350 volventes,

218 4370 283 4424 illas
308 4369 365 4438 iam
392 4369 501 4438 pridem
521 4385 538 4424 a
556 4368 604 4424 SS.
623 4374 739 4425 nostrae
764 4371 922 4441 Religionis
950 4371 1115 4426 Catholicae
1141 4369 1276 4424 Patribus
1303 4365 1433 4421 definitas

162 4501 168 4514 .
220 4459 358 4510 conantur
375 4443 404 4509 i'n
422 4455 539 4510 dubium
562 4473 709 4512 revocare.
744 4457 922 4512 Manifestam
945 4458 1017 4512 enim
1035 4457 1064 4512 iu
1082 4457 1134 4512 his,
1148 4470 1290 4526 agnoscas
1313 4451 1433 4508 Romani

219 4540 364 4596 Pontificis
388 4541 417 4595 in
439 4542 600 4610 apostolica
623 4543 651 4599 S.
674 4544 751 4598 Petri
778 4543 880 4598 Christi
908 4544 979 4600 Jesu
1005 4543 1112 4598 Vicarii
1141 4542 1269 4597 Pastoris
1297 4539 1433 4595 cathedra

219 4627 436 4697 successionem,
455 4629 532 4698 quod
550 4646 625 4684 nunc
643 4631 820 4700 tempestatis
842 4635 941 4686 contra
959 4647 1044 4685 unam
1062 4629 1116 4684 Dei
1134 4643 1222 4698 supra
1238 4628 1354 4682 Petrum
1372 4625 1433 4679 fun·

220 4715 316 4769 datam
342 4715 499 4770 Ecclesiam
525 4715 731 4787 infestissimae,
760 4719 804 4771 tot
827 4717 900 4771 inter
926 4717 993 4772 fidei
1020 4715 1144 4784 undique
1171 4713 1433 4784 oppugnatissimae

220 4802 432 4862 controversias
451 4807 538 4872 caput
556 4807 612 4858 est:
634 4819 690 4872 quo
709 4819 766 4858 uno
785 4803 880 4858 evicto
900 4808 928 4858 et
941 4801 1132 4870 constabilito,
1149 4800 1282 4871 facessat,
1301 4801 1434 4857 concidat
