3350 5484
850 755 919 844 1V.

376 1007 574 1092 Quamquam
597 1009 695 1092 igItur
716 1030 780 1076 non
802 1027 972 1093 possumus
996 1009 1072 1090 quin
1095 1005 1279 1088 infitiemur,
1314 1006 1485 1071 Baronium

273 1110 373 1178 fulssc
391 1117 552 1178 auctorem
569 1112 788 1197 Martyrologii
804 1111 996 1194 Gregoriani
1012 1111 1153 1194 unicum,
1168 1110 1190 1196 ¹)
1212 1116 1320 1175 tamen
1336 1110 1486 1175 eximium
1525 1122 1528 1129 '

271 1215 332 1299 ipsi
354 1215 437 1282 inter
460 1215 662 1282 Correctores
690 1215 859 1302 deputatos
887 1215 1056 1299 assignare
1078 1216 1183 1281 locum
1205 1235 1269 1280 non
1293 1213 1485 1296 dubitamus,

271 1339 367 1400 quum
394 1317 585 1386 documenta
612 1339 694 1402 quae
721 1320 911 1405 perscrutati
940 1339 1049 1384 sumus
1077 1317 1260 1384 authentica
1291 1316 1487 1399 redarguant

270 1420 441 1487 admodum
466 1423 631 1489 evidenter
652 1422 844 1508 hypothesin
867 1423 1037 1508 Matagnii,
1073 1422 1127 1504 qui
1149 1421 1384 1487 Thelnerianac
1407 1421 1484 1486 rela-

271 1525 348 1591 tioni
378 1526 472 1591 nimis
501 1526 666 1592 laconicae
688 1546 727 1591 ac
749 1546 861 1611 parum
893 1532 1027 1591 exactae
1053 1525 1149 1591 fidem
1177 1525 1295 1592 habere
1323 1524 1486 1592 haesitans

231 1700 233 1704 .
272 1628 305 1692 iu
328 1628 416 1694 aliud
439 1629 588 1714 impingit
610 1635 795 1712 extremum,
820 1635 975 1711 quatenus
998 1629 1170 1694 Baronium
1192 1628 1234 1693 ad
1257 1627 1485 1694 elaborandam

273 1730 445 1796 editionem
468 1753 497 1798 a.
524 1737 609 1800 1584
633 1732 762 1798 minImc
791 1753 920 1798 manum
946 1732 1130 1798 admovisse
1152 1731 1288 1798 coniicit.
1297 1733 1324 1818 a)
1368 1733 1485 1797 Verum

272 1840 305 1897 ut
320 1833 363 1898 ad
379 1835 569 1920 Prosperum
593 1835 843 1901 Lambertinium
868 1842 1072 1920 revertamur,
1097 1835 1186 1902 cuius
1202 1855 1280 1904 sane
1296 1836 1484 1902 acerrImum

270 1938 421 2005 Iudicium
437 1946 533 2021 atque
549 1939 721 2022 omnigena
743 1938 877 2022 eruditio
898 1959 1055 2004 summam
1076 1944 1214 2006 meretur
1232 1938 1484 2024 admirationem,

271 2063 342 2107 eum
370 2043 402 2106 in
431 2041 563 2108 elencho
596 2063 692 2128 supra
724 2041 854 2108 laudato
888 2042 1098 2128 Castellani³)
1129 2043 1320 2108 sententiam
1344 2062 1407 2108 non
1429 2041 1484 2106 ad·

270 2146 424 2212 amussim
447 2146 644 2230 exploratam
674 2153 799 2212 constat
820 2146 1042 2232 adoptasse.⁴)
1089 2145 1261 2228 Oatalogus
1284 2151 1390 2210 autern
1412 2145 1484 2229 iste,

270 2251 389 2335 quippe
417 2250 471 2332 qni
493 2270 571 2315 vera
593 2271 663 2316 curn
687 2249 778 2315 falsis
807 2251 1025 2335 commisceat,
1061 2256 1241 2315 accuratam
1264 2248 1404 2334 postulat
1426 2250 1484 2314 cri-

272 2353 456 2420 brationem.
503 2355 641 2419 Nomina
664 2353 747 2419 eninr
772 2354 913 2418 continet
935 2352 1124 2437 omittenda,
1158 2352 1273 2417 omittit
1295 2351 1483 2436 supplenda.

268 2457 312 2522 Ut
332 2457 471 2540 ingenue
493 2455 525 2520 id
545 2456 630 2539 qnod
653 2477 704 2522 res
728 2464 777 2522 cst
799 2457 914 2549 dicam,
938 2478 1006 2522 oum
1027 2457 1209 2522 Castellano
1232 2455 1483 2520 Lambcrtinium

267 2560 380 2625 fefellit
401 2561 498 2626 index
522 2581 614 2643 quem
638 2561 805 2644 Meratio⁵)
835 2561 987 2627 debemus
1011 2563 1148 2626 virorum
1172 2559 1345 2642 doctorum,
1370 2559 1483 2642 quibus

270 2663 418 2730 Clemens
442 2665 527 2728 VIII.
551 2685 665 2728 rnunus
693 2664 829 2728 iniunxit
851 2664 1047 2730 Breviorinm
1070 2665 1205 2728 Planum
1232 2662 1337 2728 denuo
1364 2663 1483 2744 exami-

269 2768 365 2832 nandi
390 2789 428 2833 ac
451 2787 533 2849 quae
556 2768 731 2852 depravata
754 2774 863 2833 essent
886 2774 917 2834 et
939 2768 1157 2851 recognitione
1190 2767 1372 2850 indigerent
1386 2768 1482 2842 ,resti-

268 2871 387 2939 tuendi.
400 2872 443 2954 ὅ)
486 2871 657 2936 Baronium
691 2870 817 2953 quidem
853 2877 885 2936 et
917 2871 1151 2954 Antonianum,
1190 2870 1415 2935 Bellarminum
1450 2878 1483 2938 et

199 3005 203 3010 ¹
267 2975 462 3040 Ludovicum
487 2974 527 3040 de
550 2976 676 3058 Turres,
702 2975 889 3059 Bandinum,
913 2975 1103 3040 Ghislerium
1128 2981 1160 3038 et
1182 2974 1362 3039 (tarantum
1385 2975 1480 3041 refor-

268 3083 406 3144 matores
437 3078 536 3143 fulsse
570 3079 722 3144 Breviarii
754 3079 813 3146 sub
846 3079 1009 3146 Clemente
1034 3079 1118 3142 VIII.
1152 3085 1237 3144 certo
1269 3077 1355 3143 haud
1382 3081 1481 3145 ambi-

269 3183 391 3266 gimus3
425 3190 459 3248 at
481 3203 592 3248 omnes
619 3182 677 3249 hos
706 3185 915 3269 septemviros
947 3205 1076 3270 prorsus
1108 3183 1238 3248 totidem
1266 3184 1330 3250 iam
1358 3184 1480 3269 pridem

268 3305 288 3349 a
319 3285 473 3368 Gregorio
505 3287 593 3352 XIII.
632 3309 704 3354 esse
741 3288 883 3355 delectos
922 3289 975 3372 qui
1009 3273 1236 3374 Martyrologio
1280 3288 1480 3354 emendando
1562 3291 1568 3302 '

267 3387 495 3474 allaborarent,
519 3411 685 3474 negamus.

270 3553 503 3564 -—--...-.——.

378 3633 394 3697 ¹)
423 3631 456 3683 Id
479 3631 570 3698 ipsrrm
599 3631 702 3685 sentire
729 3631 845 3686 videtur
867 3630 969 3688 Jonas
1002 3635 1070 3702 (Der
1096 3637 1185 3704 Papst
1208 3637 1267 3690 und
1291 3638 1343 3691 das
1373 3637 1479 3692 Concil.

267 3716 384 3786 Leipzig
417 3718 492 3770 1869,
523 3735 548 3786 p.
573 3718 632 3771 422.
678 3717 733 3772 Gir.
762 3717 933 3785 Friedrich,
965 3721 1066 3776 Gesoh.
1094 3723 1144 3776 des
1171 3723 1263 3778 Vatic.
1297 3725 1421 3778 Konnils.
1457 3726 1479 3779 I.

267 3804 350 3857 Bonn
369 3805 444 3858 1877.
464 3821 490 3872 p.
510 3805 542 3857 15
561 3807 622 3874 sq),
641 3804 689 3872 qui
708 3822 759 3859 sua
778 3807 806 3860 ln
825 3808 976 3861 Baroniurn
997 3810 1103 3877 probra
1120 3809 1169 3862 vix
1187 3810 1331 3882 iactasset,
1351 3812 1374 3866 si
1393 3813 1479 3866 Nota-

266 3891 358 3944 tIones
370 3891 399 3944 in
411 3891 646 3962 Martyrologirrm
659 3891 731 3945 citra
743 3893 864 3959 partium
879 3894 974 3947 studia
987 3910 1020 3947 ac
1033 3900 1144 3950 maturo
1160 3897 1265 3951 iudicio
1283 3899 1479 3954 examinasset.

372 3976 393 4044 ²)
412 3978 442 4030 P.
455 3977 488 4031 H.
502 3977 644 4048 Maiaque
662 3977 689 4030 in
709 3978 826 4032 Dissert.
844 3979 927 4033 Inscr.
949 3982 1002 4044 ,Le
1015 3982 1210 4052 Martyrologe
1228 3985 1348 4039 Romaiu
1368 3987 1477 4040 actuel“

267 4078 312 4130 ap.
332 4061 394 4116 Car.
408 4063 444 4116 (16
457 4060 568 4128 Smedt,
588 4064 695 4118 Introd.
714 4064 783 4117 Gen.
797 4065 834 4118 ad
846 4065 918 4119 Hist.
935 4067 1043 4121 Eccles.
1063 4069 1124 4122 crit.
1142 4075 1224 4124 tract.
1244 4071 1385 4139 (Gandav.
1400 4075 1478 4144 1816)

266 4165 293 4215 p.
313 4147 377 4201 146:
409 4151 672 4219 π...Β6161166,
700 4150 717 4205 ri
736 4151 783 4220 qui
807 4151 978 4207 d'ordinaire
1003 4171 1040 4208 on
1064 4157 1188 4212 attribue
1211 4159 1240 4213 Ia
1259 4161 1417 4215 correction
1440 4164 1477 4218 du

266 4234 460 4304 Martyrologe
487 4239 609 4308 romain,
638 4238 708 4291 mais
736 4253 801 4292 sans
829 4254 939 4294 aucune
966 4257 1083 4308 preuve.
1124 4243 1203 4297 Nous
1230 4246 1331 4300 avions
1355 4249 1478 4318 quelque

266 4321 363 4390 espoir
386 4322 421 4375 dc
444 4325 562 4376 trouver
584 4324 613 4376 la
636 4324 726 4378 (61116
746 4325 763 4378 a
782 4341 814 4379 oe
833 4327 908 4396 sujet
932 4328 1002 4382 dans
1023 4329 1066 4382 166
1088 4329 1213 4384 Annales
1235 4333 1420 4388 ecclesiastIci
1440 4336 1478 4389 du

266 4405 297 4458 P.
316 4405 446 4476 Thelner,
473 4408 521 4477 qui
543 4409 637 4462 anraIt
660 4410 725 4464 bion
748 4429 787 4480 pu
810 4428 967 4467 consecrer
989 4414 1126 4483 quelques
1151 4416 1253 4472 heures
1272 4420 1307 4473 de
1325 4419 1477 4477 recherche

267 4493 541 4549 61’11161ο116(1’666
560 4496 610 4549 (166
628 4495 693 4564 plus
712 4497 858 4564 brillantes
884 4499 1016 4555 1611116166
1035 4497 1140 4557 deson
1160 4505 1252 4559 ordre.
1289 4507 1367 4562 Nous
1385 4524 1477 4564 avons

267 4581 312 4634 616
337 4580 432 4650 decus.
477 4583 516 4636 Le
540 4582 740 4636 continuatcur
764 4585 799 4638 de
823 4586 964 4640 Baronius
992 4587 1100 4644 affirma
1128 4607 1235 4645 comme
1263 4595 1324 4646 tant
1351 4593 1476 4650 d'autrcs

266 4671 355 4721 avant
372 4667 411 4720 161
431 4683 485 4736 que
504 4684 556 4722 son
573 4668 682 4722 illustre
700 4659 904 4738 predecesseur
916 4688 934 4726 a
947 4675 1058 4744 corrige
1076 4677 1102 4730 Ie
1115 4679 1308 4748 nrartyrologo
1327 4686 1476 4750 approuve

266 4768 318 4821 par
337 4753 474 4824 GregoIre
493 4755 575 4809 XIII.
610 4755 633 4809 II
652 4756 750 4827 ajoute
773 4773 828 4826 que
847 4759 873 4813 Ie
891 4762 1045 4816 manuscrit
1067 4764 1246 4834 autographe
1270 4770 1313 4820 est
1337 4770 1475 4822 conserve
