3350 5484
824 416 865 479 88

242 567 398 638 colligitur,
426 583 489 622 eum
506 572 657 638 praeterea
675 567 868 637 composuisse
886 567 1039 622 secundum
1056 566 1158 622 librum
1177 567 1213 621 de
1231 567 1383 636 Martyrio,
1401 570 1457 620 ter-

241 656 311 709 tium
330 655 366 708 de
383 654 539 725 Miracuiis,
567 658 697 726 quartum
716 653 751 708 de
769 653 997 723 Beatiiieatione,
1026 653 1153 723 quintum
1172 654 1207 708 dc
1227 653 1458 722 Canonizatione‚

243 745 352 796 sextum
371 741 406 796 de
425 740 528 796 Ordine
550 739 700 796 iudiciario
723 739 823 794 haram
841 756 1005 810 causarum,
1032 739 1180 809 septimum
1199 739 1234 794 de
1254 737 1458 810 Congregatio·

242 826 338 896 nibus,
364 825 515 896 inquibus
539 813 642 881 causae
667 830 892 896 pertractantur,
919 829 1052 880 octavum
1074 841 1145 880 vero
1165 842 1247 895 quem
1266 827 1389 882 nondum
1408 825 1458 880 ab·

243 913 379 982 solverat,
398 913 433 968 de
446 913 532 968 Missa
551 912 709 968 Pontificio.
746 911 802 968 Sed
822 929 856 967 ex
875 913 1003 967 omnibus
1021 912 1064 966 his
1082 913 1221 983 Operibus
1239 912 1323 967 huius
1340 909 1457 981 insignis

232 989 298 1055 ¹viri
315 1001 371 1054 tria
394 1004 503 1054 tantum
527 1003 679 1070 supersunt
701 999 893 1068 Manuscripta
912 1041 918 1054 .
939 999 991 1056 ‚in
1008 999 1187 1055 Bibliotheca
1208 999 1347 1070 Angelica
1364 997 1458 1066 Urbis,

243 1087 288 1142 eui
317 1086 391 1140 dono
420 1085 489 1140 data
517 1090 581 1140 sunt
606 1101 624 1140 a
648 1087 733 1140 Petro
761 1085 827 1139 olim
855 1085 996 1140 (lardinali
1024 1085 1189 1157 Othobono,
1220 1087 1268 1156 qui
1295 1089 1397 1155 postea
1420 1084 1458 1138 ad

244 1173 385 1233 Summum
403 1171 602 1227 Pontificatum
621 1175 739 1228 evectus
756 1170 911 1226 Alexandri
923 1172 1002 1226 VIII.
1020 1188 1121 1228 nomen
1139 1173 1304 1242 assumpsit:
1322 1173 1346 1226 is
1363 1174 1459 1226 autem

243 1263 396 1328 acceperat
414 1273 449 1312 ex
467 1256 645 1313 Bibliotheca
663 1257 822 1314 cardinalis
841 1257 969 1328 (lotradi,
996 1258 1037 1312 uti
1056 1264 1178 1328 apparet
1195 1274 1230 1313 ex
1247 1259 1373 1327 ipsorum
1391 1272 1459 1326 ope·

243 1361 305 1399 rum
318 1343 515 1414 inscriptione3
534 1359 591 1412 qua
604 1345 763 1400 ostenditur
781 1345 897 1414 insuper
916 1345 1019 1400 ardens
1031 1345 1103 1400 tanti
1116 1343 1262 1399 Pontificis
1280 1343 1459 1416 desiderium,

243 1447 279 1485 ne
299 1430 366 1500 quid
386 1429 527 1484 occultum
550 1435 724 1502 remaneret,
752 1431 829 1501 quod
847 1430 981 1484 studiosis
998 1436 1097 1500 posset
1115 1430 1257 1500 expedire.
1293 1431 1404 1498 (Prosp.
1423 1429 1458 1484 de

246 1513 445 1573 bambacinis
461 1517 490 1570 in
503 1517 595 1573 Praei.
614 1519 652 1573 ad
669 1520 817 1586 beatorem
836 1517 872 1573 de
888 1516 1000 1572 ratione
1019 1515 1118 1586 Operis
1136 1517 1172 1571 de
1185 1516 1265 1572 Serv.
1283 1517 1337 1572 Dei
1356 1515 1457 1571 Beatif.

244 1606 289 1661 ((1.
307 1605 384 1659 Prat.
403 1603 425 1658 1.
442 1621 470 1674 p.
489 1603 612 1674 CLXII.)
1016 1599 1020 1608 ’

767 1995 775 2004 ·
797 1955 909 2042 LIII.

348 2229 387 2296 In
402 2227 660 2313 disquisitionum
675 2229 1139 2298 historico·ecclesiasticarum
1155 2229 1271 2296 abhinc
1281 2217 1348 2295 'tria
1361 2229 1462 2295 lustra

247 2335 402 2403 editarum
434 2339 525 2420 parte
556 2335 672 2420 altera,
708 2335 761 2401 ubi
790 2333 831 2400 de
854 2333 1016 2402 codicibus
1043 2333 1259 2401 Bibliothecae
1274 2333 1462 2418 xAngelicae

247 2441 376 2504 Patrem
409 2437 714 2521 Augustinianorum
745 2439 779 2504 in
809 2439 896 2505 Urbe
927 2438 1014 2503 omni
1047 2437 1163 2503 artium
1195 2444 1227 2502 et
1258 2437 1461 2504 scientiarum

248 2561 367 2626 genere
409 2541 636 2608 refertissimae
678 2541 832 2627 disserui,
879 2541 998 2607 mentio
1030 2541 1093 2606 iam
1126 2562 1146 2606 a
1179 2561 1229 2607 me
1262 2540 1379 2606 iniecta
1414 2546 1463 2606 est

250 2645 378 2713 Codicis
401 2646 517 2730 Angel.
542 2645 574 2713 S.
591 2652 621 2716 3.
640 2649 659 2711 2
682 2645 847 2734 signati‚¹)
870 2645 903 2711 in
927 2665 989 2730 quo
1011 2645 1119 2712 insunt
1143 2647 1244 2732 ,Acta
1266 2644 1300 2708 in
1323 2644 1357 2710 S.
1382 2643 1462 2710 (lon-

247 2751 437 2834 gregatione
464 2752 590 2818 Ritaum
619 2773 676 2837 pro
705 2751 899 2819 correctione
922 2749 1141 2835 Martyrologii
1164 2770 1202 2816 ac
1224 2747 1380 2814 Breviarii
1402 2749 1461 2813 Ro·

250 2857 337 2920 mani
361 2875 432 2921 cum
455 2855 715 2922 adnotationibus
738 2855 780 2921 M.
803 2853 970 2920 Fortunati
997 2852 1130 2921 Scacchi
1153 2853 1230 2920 Ord.
1253 2852 1463 2918 Eremitarum

249 2959 282 3026 S.
299 2959 469 3043 Augustini
486 2964 517 3025 et
532 2958 688 3026 Praefecti
713 2957 852 3024 Sacrarii
868 2957 1054 3044 Apostolici,
1079 2957 1212 3024 collecta
1226 2977 1247 3022 a
1261 2957 1297 3023 F.
1315 2955 1462 3040 Philippo

249 3063 443 3129 vicecomite
457 3061 722 3128 Mediolanensi.“
746 3063 796 3127 Ex
811 3061 865 3126 iol.
885 3065 901 3128 1
920 3068 951 3128 et
966 3061 1172 3146 sequentibus
1188 3060 1299 3127 horum
1315 3061 1465 3126 Actorum

249 3173 340 3252 patet
361 3166 579 3234 discussiones
602 3165 643 3233 (1(
658 3166 876 3250 recognitione
898 3166 1117 3251 Martyrologii
1139 3165 1229 3230 iussu
1243 3163 1365 3231 Urbani
1376 3163 1464 3228 VIII.

252 3274 285 3338 in
308 3271 566 3356 congregatione
581 3291 610 3336 a.
629 3273 712 3338 1628
735 3269 900 3337 inchoatas
923 3269 1032 3336 fuisse.
1077 3269 1147 3335 Ful.
1170 3271 1211 3337 83
1235 3287 1283 3352 sq.
1306 3267 1469 3334 habentur.

250 3375 554 3441 Animadversiones
588 3373 901 3442 historico-criticas
932 3375 965 3440 in
995 3372 1257 3458 Martyrologium
1288 3373 1465 3438 Romanum

250 3481 285 3545 Ρ.
310 3479 439 3545 Antonii
467 3477 643 3545 caraccioli
669 3477 786 3562 (longa
817 3478 1010 3546 clericorum
1039 3476 1245 3561 Regularium
1268 3483 1300 3542 et
1321 3477 1464 3562 Respon-

251 3583 359 3650 siones
379 3583 413 3648 Ρ.
430 3581 573 3649 Terentii
594 3581 711 3648 Alciati
734 3602 774 3649 ex
797 3582 959 3649 Societate
981 3582 1070 3648 iesu.
1108 3579 1177 3644 rol.
1204 3581 1265 3646 125
1289 3599 1337 3664 sq.
1361 3579 1467 3664 agitur

252 3686 293 3753 de
327 3685 463 3752 diversis
505 3686 694 3752 lectionibus
728 3687 761 3752 in
793 3685 1022 3772 Martyrologio
1056 3691 1088 3753 et
1120 3683 1284 3751 Breviario
1322 3685 1465 3750 Romano

252 3788 459 3857 conciliandis
491 3810 532 3856 ex
560 3790 818 3858 annotationibus
849 3790 980 3857 Antonii
1011 3789 1188 3857 (iaraecioli
1221 3794 1253 3854 et
1283 3787 1465 3855 considera-

251 3894 390 3961 tionibus
418 3892 560 3960 Terentii
586 3893 713 3962 Alciati.
758 3894 827 3962 sol.
851 3896 914 3962 213
938 3913 986 3978 sq.
1009 3913 1117 3960 rursus
1145 3891 1366 3978 perpenditur,
1399 3891 1467 3976 qni-

252 3999 387 4065 busnam
418 3997 451 4063 in
483 3997 561 4064 locis
595 3998 766 4064 concordia
798 3997 881 4064 inter
913 3997 1175 4085 Martyrologium
1208 4001 1240 4062 et
1272 3995 1467 4063 Breviarium

185 4105 187 4110 ’
253 4101 359 4187 quoad
381 4107 487 4169 textus
508 4101 642 4168 formam
666 4102 878 4187 desideretur3
901 4124 931 4169 v.
955 4123 1003 4187 gr.
1026 4123 1101 4168 num
1125 4101 1158 4167 S.
1182 4100 1345 4166 Dorothea
1366 4100 1466 4184 Virgo

253 4213 285 4273 et
306 4207 441 4292 Martyr,
476 4226 559 4290 quae
590 4212 703 4273 octavo
736 4206 812 4273 Idus
842 4205 1009 4272 Februarii
1040 4205 1201 4290 recolitur,
1236 4203 1295 4270 sub
1324 4202 1468 4288 Sapricio

254 4309 448 4396 (Martyrol.)
484 4329 526 4376 an
564 4310 622 4376 sub
660 4310 788 4395 Apricio
832 4309 1004 4398 (Breviar.)
1047 4307 1272 4395 Cappadociae
1303 4305 1468 4374 'Praeside

253 4421 371 4482 vexata
398 4413 501 4480 fuerit.
546 4415 701 4482 1111231
727 4413 836 4481 codex
866 4433 905 4478 ea
928 4413 1057 4480 exhibet
1087 4432 1170 4497 quae
1200 4411 1405 4497 peculiariter
1427 4411 1469 4476 ab

254 4520 395 4586 Auberto
427 4518 546 4586 Miraeo
578 4519 713 4584 Decano
744 4515 1004 4603 Antverpiensii)
1037 4517 1294 4603 proponebantur
1320 4514 1353 4579 in
1380 4520 1469 4579 textu

255 4621 474 4709 Martyrologii
502 4623 745 4690 consideranda.
790 4622 858 4688 Fol.
882 4625 945 4690 239
969 4641 1017 4706 sq.
1047 4621 1242 4705 disceptatur
1270 4617 1311 4685 de
1333 4617 1470 4694 lectione

257 4728 476 4814 Martyrologii
515 4728 651 4794 Romani
683 4729 717 4794 in
752 4727 870 4811 Vigilia
907 4725 1090 4794 Natiuitatis
1124 4723 1266 4790 Domini.
1322 4723 1470 4806 Denique

256 4832 310 4900 fol.
335 4835 398 4901 255
430 4832 471 4899 (1(
498 4833 531 4900 S.
560 4833 717 4916 Dionysio
748 4829 947 4915 Areopagita
979 4829 1137 4916 (Septimo
1169 4827 1245 4894 Idus
1272 4826 1469 4913 Octobris)³)
