3350 5484
796 331 838 395 40

207 483 390 550 5511555111
432 483 619 562 Ι151511155
653 489 760 550 autem
792 483 918 550 iudices
951 503 1031 568 quos
1065 483 1201 550 libenter
1234 482 1422 548 consulebat

207 588 363 654 Barcnius
386 593 540 672 gratoque
563 589 669 655 animo
692 588 858 672 audiebat,
882 608 977 672 quum
1000 587 1188 653 Notationes
1210 587 1244 650 in
1266 587 1420 672 Martyro-

206 691 326 774 logium
365 691 580 776 elucubraret,
624 699 751 777 praeter
787 691 978 776 Bordinum,
1024 691 1158 756 Silvium
1195 690 1419 774 Antonianum,

208 793 384 876 Latinium,
409 795 570 878 Vossinm,
603 795 798 863 Ludovicum
823 796 863 862 de
885 799 1002 862 Torres
1025 795 1078 860 all.
1103 795 1220 861 eminet
1243 795 1419 861 Guilelmus

207 896 372 962 Lindanus
385 947 394 981 ,
440 898 618 984 Episcopus
655 902 928 984 Ruremontanus,
974 900 1022 966 vir
1058 920 1121 963 non
1159 905 1279 964 tantum
1317 898 1420 964 omnis

208 1003 335 1085 generis
366 1001 541 1068 litterarum
574 1002 751 1069 eruditione
782 1003 976 1070 clarissimus
1000 1010 1031 1068 et
1053 1003 1163 1088 primis
1190 1003 1311 1089 saeculi
1333 1003 1419 1068 XVl.

208 1105 366 1188 theologis
398 1107 665 1194 accensenduS‚³)
699 1129 808 1180 verum
841 1109 937 1173 etiam
969 1107 1092 1192 egregii
1123 1108 1314 1174 confessoris
1345 1105 1420 1172 fidei

208 1209 388 1293 insignibus
421 1211 623 1294 nobilitatus,
666 1232 759 1295 quem
793 1212 924 1293 negotia
957 1212 1175 1278 ecclesiastica
1209 1211 1301 1276 annis
1338 1212 1420 1276 1584

213 1320 244 1378 et
279 1317 362 1379 1585
396 1315 517 1379 Romae
553 1314 749 1394 detinebant.
809 1314 902 1381 Unde
935 1315 1053 1380 factum
1088 1322 1154 1400 est,
1198 1322 1230 1380 ut
1265 1313 1420 1380 baronius

210 1418 416 1484 Notationum
446 1439 525 1504 opus
551 1417 593 1484 ad
620 1420 740 1485 calcem
772 1417 957 1504 perductum
981 1421 1014 1484 in
1036 1419 1138 1484 lucem
1166 1418 1306 1486 editurus
1331 1419 1420 1484 Sixto

209 1523 317 1606 Papae
350 1519 466 1598 Quinto
500 1522 641 1588 libellum
675 1523 816 1589 traderet
849 1523 1038 1609 supplicem,
1077 1543 1138 1606 quo
1170 1544 1245 1589 suas
1278 1523 1421 1588 lucubra-

209 1625 313 1690 tiones
337 1643 357 1687 a
379 1623 524 1690 Liudano
551 1627 702 1710 cognosci
730 1628 837 1714 petiit:
874 1627 1083 1714 ,Optarem,“
1117 1625 1278 1712 inquiens,
1315 1626 1421 1711 „prins

209 1729 396 1795 auctoritate
427 1729 638 1796 Beatitudinis
670 1731 805 1796 Vestrae
835 1730 914 1796 illud
940 1730 1041 1813 relegi
1064 1737 1096 1795 et
1117 1729 1257 1816 expendi
1278 1752 1299 1795 a
1320 1731 1357 1794 R.
1379 1731 1421 1797 D.

208 1833 381 1912 Wilhelmo
409 1833 572 1918 Lindanc,
606 1835 765 1920 Episcopo
798 1833 1065 1917 Ruremundensi,
1101 1835 1168 1900 viro
1191 1839 1257 1899 turn
1278 1834 1312 1898 in
1334 1834 1422 1900 theo·

210 1936 323 2021 logicis
357 1936 575 2023 facultatibus,
609 1944 673 2004 tum
699 1939 793 2004 etiam
817 1941 849 2004 in
872 1938 1091 2004 ecclesiastica
1116 1936 1249 2004 historia
1280 1937 1423 2023 apprime

209 2049 347 2108 versato.
394 2041 536 2128 Cumque
570 2041 664 2107 fuerit
695 2062 715 2107 a
746 2041 830 2109 dicto
864 2042 1016 2109 Praesule
1050 2041 1207 2109 eiusmodi
1241 2063 1321 2127 opus
1352 2061 1423 2128 551-

208 2140 369 2232 555515111,
405 2139 581 2214 discursum
613 2152 709 2228 atque
739 2147 924 2232 probatum:
963 2147 1013 2213 fas
1036 2145 1113 2212 mihi
1135 2145 1178 2222 sit
1198 2145 1275 2212 illud
1306 2145 1422 2232 praelis

210 2251 407 2316 committere
428 2249 461 2314 in
485 2269 576 2314 usum
604 2249 804 2331 Christianae
835 2251 1032 2334 religionis.“
1078 2251 1240 2318 Concessa
1266 2271 1341 2319 vcro
1364 2250 1424 2315 hac

211 2352 425 2437 cognoscendi
458 2357 634 2437 potestate,
672 2353 837 2420 Lindanus
869 2353 900 2421 d.
932 2357 983 2420 22.
1006 2355 1141 2438 August.
1177 2357 1260 2422 1585
1294 2356 1423 2420 brevem

211 2458 390 2542 composuit
420 2455 622 2541 relationem,
657 2457 690 2522 in
717 2478 781 2541 qua
812 2479 847 2524 se
877 2459 910 2523 in
938 2459 1143 2544 perlegendis
1174 2458 1303 2525 Barcnii
1328 2459 1424 2525 Nota·

210 2563 350 2628 tionibus
373 2582 435 2627 non
458 2560 629 2646 reperisse,
665 2581 747 2644 5555
769 2563 867 2629 5115111
900 2573 1068 2648 suspectae
1098 2570 1153 2638 551
1180 2569 1317 2629 novatae
1348 2561 1425 2628 fidei

179 2653 181 2658 ’
211 2667 361 2750 ingerant
391 2665 513 2750 labem,
550 2663 667 2730 nedum
699 2685 781 2748 quae
815 2673 945 2732 sanctae
977 2667 1152 2734 catholicae
1183 2665 1324 2732 officiant
1354 2666 1425 2732 reli·

212 2771 300 2854 gicni
321 2777 377 2836 aut
399 2769 595 2836 orthodoxae
626 2769 835 2836 adversentur
862 2770 1040 2855 doctrinae,
1073 2777 1208 2838 testatus
1232 2770 1426 2852 easdemque

212 2873 419 2956 dignissimas
452 2876 623 2942 arbitratus
640 2871 708 2955 est,
743 2880 777 2939 ut
802 2874 904 2960 primo
936 2895 1062 2959 quoque
1093 2878 1236 2960 tempore
1264 2873 1296 2939 in
1323 2875 1426 2940 lucem

212 2979 347 3044 edantur
361 2986 491 3066 propter
505 2977 726 3078 admirandam
746 2977 863 3046 veteris
884 2977 1121 3046 ecclesiasticae
1143 2978 1295 3046 historiae
1314 2978 1428 3045 doetri-

213 3104 286 3148 nam
312 3091 344 3149 et
367 3085 557 3166 exquisitam
585 3090 681 3167 atque
707 3103 811 3148 raram
843 3103 978 3166 eamque
1009 3083 1205 3166 singularem
1236 3083 1428 3150 christianae

212 3187 410 3269 antiquitatis
443 3187 667 3270 cognitionem.
712 3187 927 3270 Posteaquam
959 3193 1066 3252 autem
1100 3187 1152 3252 die
1183 3187 1325 3254 secunda
1350 3187 1428 3273 Sep-

212 3291 343 3358 tembn‘s
378 3296 461 3360 1585
493 3292 644 3358 Α5115155·
666 3291 937 3358 Ruremundensis
969 3291 1113 3376 proxime
1137 3312 1177 3357 ex
1199 3293 1286 3358 Urbe
1308 3291 1426 3358 disces-

213 3415 305 3462 surus
328 3395 486 3461 eiusmodi
513 3396 699 3465 relationem
723 3396 853 3476 Summo
875 3395 1020 3464 Pontifici
1051 3395 1251 3475 exhibuerat,
1286 3394 1427 3459 'Phomas

162 3518 164 3523 ’
213 3499 370 3591 Ζ51111155,
407 3499 440 3567 S.
462 3499 578 3566 Palatii
608 3501 774 3586 Magister,
809 3500 959 3567 Calendis
993 3500 1139 3567 Octobris
1171 3498 1313 3566 eiusdem
1349 3496 1427 3574 anni

212 3604 375 3671 licentiam
399 3603 488 3671 dedit
510 3623 590 3688 opus
612 3605 822 3690 approbatum
844 3604 1056 3690 imprimendi.
1170 3694 1172 3699 .

307 3831 341 3951 ι’)
359 3883 464 3936 Α111151.
483 3897 508 3938 a.
525 3882 606 3936 Mart.
627 3881 666 3935 11.
685 3878 832 3938 Decembr.

319 3967 513 4039 α),,Β51111’115
538 3969 600 4023 (115.
623 3970 782 4024 Francesco
806 3972 943 4024 Romano.
979 3971 1021 4024 Fu
1044 3969 1121 4024 della
1144 3967 1377 4038 congregazione
1401 3967 1429 4022 di

214 4060 313 4113 Roma.
348 4058 486 4126 Riputato
513 4056 601 4110 molto
627 4073 679 4126 551
706 4057 735 4110 la
761 4058 904 4126 dottrina,
934 4057 1080 4112 essendosi
1105 4057 1227 4110 renduto
1255 4060 1323 4110 noto
1351 4069 1431 4109 come

214 4146 324 4216 insigne
349 4145 490 4214 Teclogc,
517 4159 623 4198 sommo
642 4144 875 4215 Giureconsulto,
903 4161 918 4200 5
936 4161 992 4198 555
1010 4143 1118 4214 ignobil
1137 4145 1236 4198 Poeta.
1272 4143 1315 4196 Fu
1333 4140 1430 4210 quindi

214 4233 287 4288 15115
315 4231 450 4286 Vescovo
473 4231 501 4285 di
525 4230 689 4300 Gavaillon,
720 4246 735 4284 e
757 4231 806 4299 poi
829 4231 1026 4284 Arcivescovo
1046 4230 1075 4284 di
1092 4231 1259 4300 Avignone“
1289 4231 1319 4297 (†
1343 4228 1430 4295 1609).

220 4316 370 4374 1711151555
390 4313 536 4387 (Memorie'
552 4318 628 4388 degli
646 4317 775 4372 Scrittori
793 4317 933 4386 Filippini.
953 4318 1039 4372 Parte
1051 4317 1088 4372 ΙΙ.
1106 4306 1300 4386 11555111842.
1319 4318 1430 4386 5118),

216 4407 264 4476 551
284 4407 368 4460 etiam
387 4421 475 4474 opera
494 4405 611 4459 Bordini
629 4407 766 4458 recenset.

321 4491 341 4562 3)
366 4491 421 4545 Otr.
445 4487 561 4562 Hefclc,
589 4491 723 4560 Beitrage
752 4507 802 4544 zur
822 4490 1118 4561 Kirchengeschichte.
1146 4492 1168 4545 Ι.
1196 4489 1328 4560 (Tiibing.
1352 4487 1430 4556 1864)
