3350 5484
831 403 874 468 44

242 555 330 622 cuius
362 553 487 620 litterae
515 553 557 620 ad
584 555 652 622 eius
683 555 807 623 initium
839 558 970 624 relictae
997 557 1117 642 sunt.³)
1163 558 1272 625 Doluit
1298 559 1457 626 Batonius

241 680 317 726 suas
353 659 588 726 lucubrationes
626 661 750 726 mendis
788 661 909 727 obsitas
946 682 1006 727 nec
1042 667 1107 726 tam
1146 663 1178 728 in
1212 664 1313 729 lucem
1353 664 1457 730 editas

241 783 336 846 quarn
370 763 490 829 offusas
521 765 661 830 tenebris
693 785 784 846 esse3
823 763 881 830 sed
909 764 1020 829 maiori
1054 764 1187 832 affectus
1219 773 1268 832 cst
1300 768 1456 848 molestia,

243 888 337 950 quum
369 868 440 954 ipso
471 868 598 954 penitus
636 868 830 934 inconsulto·
851 869 981 935 easdem
1017 869 1202 936 Dusinellus
1238 872 1457 956 typographus

234 973 382 1038 ’Venetus
405 994 434 1038 a.
456 976 538 1039 1587
564 972 719 1037 emitteret
742 971 823 1038 adeo
846 971 1076 1056 inemendatae,
1101 980 1134 1039 ut
1157 975 1189 1038 in
1213 975 1352 1042 deterius
1377 976 1455 1040 dila-

242 1075 402 1141 berentur.
427 1075 628 1161 Quapropter
644 1096 681 1141 eo
698 1078 905 1160 opportunius
928 1075 1052 1160 accidit,
1076 1084 1110 1141 ut
1125 1077 1288 1144 Lindanus
1312 1084 1455 1144 exactam

245 1181 350 1263 operis
374 1180 571 1246 recusionem
596 1180 860 1263 Antverpiensem
884 1179 1090 1267 moliretur,⁴)
1114 1188 1146 1246 ct
1160 1203 1198 1248 eo
1222 1183 1325 1264 magis
1349 1188 1457 1264 gratas

241 1291 454 1368 acceptasque
486 1283 596 1349 habuit
623 1282 781 1348 'Beronius
813 1283 935 1348 litteras
958 1281 1010 1348 dic
1034 1287 1063 1348 5.
1088 1285 1252 1350 Februarii
1276 1307 1305 1350 a.
1331 1288 1413 1352 1588
1437 1306 1458 1350 a

244 1387 470 1472 christophoro
493 1387 640 1454 Plautino
663 1386 770 1470 datas,
792 1387 825 1452 in
849 1388 963 1470 quibus
986 1388 1120 1454 celebris
1143 1389 1457 1476 Architypographus

241 1491 362 1574 Regius
386 1491 550 1574 eleganter
572 1511 610 1555 ac
633 1489 770 1557 delicate
792 1492 837 1556 ita
860 1491 986 1574 quidem
1011 1493 1193 1578 scripsit2⁵)
1230 1492 1352 1577 „Quum
1376 1493 1457 1557 Mar-

242 1595 434 1680 tyrologium
468 1597 644 1660 Romanum
677 1595 770 1661 annis
803 1584 957 1681 proximis
990 1595 1168 1662 restitutum
1202 1595 1458 1680 doctissimisque

242 1697 304 1764 tuis
330 1699 546 1764 notationibus
577 1698 782 1782 illustratum,
817 1699 1026 1766 Francofnrto
1049 1699 1090 1764 ab
1112 1698 1257 1767 institore
1284 1707 1392 1766 nostro
1415 1699 1457 1764 ad

243 1823 302 1868 nos
333 1801 464 1868 allatum
497 1808 598 1886 essct,
633 1802 763 1885 dignum
791 1803 918 1868 omnino
941 1802 1093 1886 iudicavi,
1128 1803 1212 1885 quod
1236 1803 1357 1886 aliquot
1378 1803 1458 1869 anti·

244 1905 371 1972 stitibus
401 1914 432 1971 ct
455 1905 729 1974 reverendissimis
763 1905 840 1970 viris
874 1906 1031 1972 offerrem.
1086 1905 1135 1971 llli
1168 1927 1243 1972 vcro
1278 1927 1373 1992 quum
1407 1907 1458 1972 vel

243 2009 354 2094 primis
386 2010 484 2076 labris
512 2011 545 2075 id
573 2011 814 2094 degustassent,
851 2015 1017 2094 tantopere
1049 2029 1128 2096 opus
1161 2010 1246 2075 istud
1277 2009 1456 2094 laudarunt,

243 2118 277 2178 ut
305 2113 525 2179 contenderint
554 2134 685 2200 prorsus
707 2135 728 2190 a
750 2135 801 2178 mo
829 2113 914 2179 illico
945 2114 1160 2180 recudendum
1193 2134 1266 2181 esse
1292 2117 1325 2180 in
1347 2114 1458 2181 harum

243 2217 409 2299 regionum
441 2235 542 2282 usum.
588 2217 630 2281 At
656 2237 717 2300 ego
744 2217 867 2284 duabus
899 2217 1098 2303 potissimum
1124 2217 1164 2283 dc
1188 2218 1293 2284 causis
1316 2219 1349 2284 id
1372 2239 1459 2286 reeu-

245 2320 325 2388 savi.
369 2321 477 2385 Prima
505 2326 536 2393 et
561 2323 748 2406 praecipua,
780 2321 866 2404 quod
896 2343 1069 2404 numquam
1101 2321 1223 2405 aliquid
1254 2323 1296 2387 ab
1330 2329 1459 2388 auctore

242 2425 316 2490 vivo
340 2425 455 2490 alicubi
480 2444 630 2491 excusum
659 2424 810 2490 recudere
840 2427 1073 2510 consueverim,
1106 2427 1168 2494 nisi
1191 2450 1261 2496 cum
1285 2426 1353 2492 eius
1375 2428 1460 2493 bona

244 2529 350 2612 gratia
372 2530 414 2594 ab
438 2549 475 2594 co
497 2528 568 2613 ipso
590 2529 773 2594 facultatem
801 2528 973 2595 recudendi
1001 2529 1222 2615 impetravero.
1267 2530 1378 2597 Altera
1400 2538 1458 2617 est,

244 2632 329 2714 quod
360 2649 411 2698 res
445 2653 536 2698 meae
568 2632 712 2717 privatae
734 2633 816 2700 adeo
839 2635 936 2700 variis
963 2633 1026 2699 sint
1053 2631 1299 2699 adversitatibus
1332 2635 1459 2702 attritae

244 2743 275 2801 ct
299 2739 495 2821 attenuatae,
527 2742 561 2800 ut
583 2736 739 2803 faciendis
762 2738 940 2823 sumptibus
962 2759 1022 2823 par
1043 2757 1107 2802 non
1129 2735 1239 2800 forem.
1286 2736 1351 2804 Sed
1374 2738 1457 2804 hunc

241 2837 320 2905 mihi
348 2840 528 2924 scrupulum
562 2840 668 2906 statim
701 2839 901 2926 ademerunt,
934 2849 966 2908 et
988 2861 1024 2907 se
1046 2841 1078 2906 in
1103 2841 1280 2926 sumptibus
1303 2840 1459 2907 faciendis

244 2964 295 3008 me
326 2943 546 3010 sublevaturos
577 2945 799 3030 promiserunt.
844 2945 985 3011 Priorem
1009 2945 1106 3028 igitur
1128 2945 1222 3010 istam
1245 2935 1403 3012 remoram
1426 2951 1459 3010 tu

196 3101 199 3106 .
245 3047 333 3112 solus
356 3067 391 3112 es
415 3048 468 3129 qui
491 3049 603 3115 tollere
627 3055 734 3134 potes,
766 3050 793 3114 si
817 3049 912 3114 modo
934 3049 1116 3134 permittere
1139 3049 1196 3114 tibi
1224 3050 1391 3134 placuerit,
1426 3055 1461 3114 ut

244 3150 398 3235 impensis
431 3170 538 3215 corum
571 3153 680 3236 praelo
712 3174 783 3219 meo
816 3174 887 3218 eum
916 3153 1096 3236 sublicium,
1133 3151 1213 3218 nihil
1235 3154 1352 3238 quippe
1377 3172 1459 3218 oom-

245 3254 370 3320 modius
392 3254 442 3320 his
466 3255 650 3338 regionibus
673 3257 819 3323 accidere
842 3263 961 3342 posset.
1007 3255 1099 3336 Quod
1123 3256 1151 3322 si
1173 3257 1322 3342 impetro,
1345 3257 1458 3321 iterum

246 3357 398 3424 maiorem
421 3359 454 3423 in
477 3358 605 3424 modurn
628 3366 659 3426 te
682 3381 770 3444 rogo,
794 3369 828 3425 ut
850 3363 878 3426 si
901 3360 979 3443 quid
1000 3361 1033 3427 in
1056 3360 1140 3426 dioto
1164 3360 1244 3426 libro
1267 3357 1459 3442 addendum,

246 3461 437 3528 demendum
461 3462 723 3546 corrigendumve
747 3464 977 3548 observaveris,
1000 3463 1165 3530 nobiscum
1188 3463 1266 3528 illud
1289 3463 1460 3530 communi-

247 3587 319 3632 care
335 3565 515 3649 digneris..
539 3567 628 3633 Haec
642 3567 668 3632 si
683 3566 806 3651 feceris,
824 3589 888 3632 rem
903 3588 980 3634 sanc
996 3588 1090 3652 quam
1106 3567 1322 3651 gratissimam
1336 3567 1459 3651 feceris,

246 3691 360 3754 meque
375 3677 537 3738 aeternum
551 3671 608 3736 tibi
621 3671 823 3756 obligaveris,
843 3673 903 3737 etsi
918 3678 1095 3756 promptum
1112 3677 1143 3736 et
1158 3677 1304 3755 paratum
1319 3692 1370 3737 me
1384 3671 1460 3737 alio-

247 3775 322 3858 quin
335 3775 378 3840 ad
394 3793 487 3862 omne
505 3774 562 3840 tibi
583 3795 640 3860 pro
658 3775 737 3841 mois
757 3776 875 3842 viribus
895 3776 1080 3858 obsequium
1101 3773 1327 3861 praestandum
1348 3777 1459 3841 scito.“
1482 3828 1487 3837 ,

357 4037 373 4104 ¹)
392 4035 544 4104 Exemplar
572 4031 800 4090 Volliccllanurn
824 4036 866 4105 (Q.
884 4036 928 4103 30)
952 4034 1048 4088 multis
1069 4035 1098 4088 in
1122 4033 1193 4088 locis
1218 4033 1366 4090 aJacobo
1392 4031 1461 4088 Vul-

245 4119 336 4194 ponio
354 4123 415 4191 (cfr.
440 4119 599 4192 Villorooa,
618 4123 751 4177 Memorio
769 4124 806 4176 ΙΙ.
826 4124 886 4190 117)
905 4121 1023 4191 propria
1040 4136 1125 4174 manu
1144 4120 1322 4175 emendatum
1341 4123 1391 4175 est.

357 4209 378 4278 ²)
397 4210 440 4264 De
453 4209 597 4264 audientia
609 4209 637 4263 in
650 4225 707 4278 qua
719 4207 872 4266 Batonius
891 4224 963 4277 opus
982 4223 1062 4261 suum
1082 4206 1177 4260 attulit
1196 4207 1233 4262 ad
1250 4207 1338 4275 pedes
1357 4205 1461 4261 Summi

247 4293 392 4350 Pontificis
410 4297 574 4365 praeclaros
593 4297 718 4351 auctoris
736 4295 850 4350 labores
868 4295 999 4350 admirati
1019 4295 1068 4350 cfr.
1087 4294 1202 4349 Hieron.
1220 4288 1375 4348 Barnabci
1393 4292 1460 4348 Vita

248 4379 277 4434 O.
296 4380 328 4434 B.
346 4398 373 4450 p.
392 4382 427 4436 46
445 4387 474 4438 et
492 4381 590 4440 Sarra
607 4401 635 4453 p.
654 4385 688 4439 70
706 4399 747 4453 sq.

353 4467 374 4537 ⁸)
393 4467 575 4526 Lambertia.
594 4471 638 4526 Dc
656 4470 737 4526 Serv.
755 4469 808 4524 Dei
826 4468 928 4524 Beatif.
947 4468 997 4538 IV,
1014 4468 1039 4522 2.
1060 4468 1100 4522 17.
1120 4484 1146 4521 n.
1165 4467 1189 4521 6.

355 4555 374 4623 ⁴)
392 4557 462 4628 Mgr.
475 4555 616 4613 Lindcuo
635 4598 641 4612 .
661 4598 667 4611 .
687 4557 748 4612 dice
766 4557 849 4611 voler
866 4556 911 4610 far
929 4557 1098 4625 ristampare
1110 4553 1139 4607 in
1152 4552 1292 4608 Anversa.
1324 4551 1460 4622 (Antonio

250 4637 362 4712 Talpce
380 4643 460 4698 Caes.
479 4645 544 4699 Bar.
563 4645 599 4698 Di
617 4645 709 4698 Rome
726 4643 743 4696 9
760 4642 862 4712 Luglio
882 4642 969 4710 1587).

354 4729 375 4798 ⁵)
393 4732 493 4802 Raym.
506 4727 631 4785 Alberio.
644 4729 696 4801 Ill,
709 4730 768 4784 150.
789 4727 835 4784 Dc
847 4725 935 4800 Rom,
954 4730 1066 4783 Lcttres
1085 4728 1121 4782 dc
1132 4723 1276 4810 Laevinus
1294 4725 1462 4782 Torrentius

248 4819 277 4874 et
295 4816 331 4872 de
349 4815 517 4887 Christophe
535 4815 648 4872 Plantin
665 4832 693 4886 p.
711 4815 737 4870 4.
