3350 5484
716 695 940 804 111111.

327 993 435 1058 Tertio
462 993 532 1060 loco
563 993 605 1059 ad
627 995 708 1060 Non.
733 994 832 1079 April.
866 993 1055 1079 („Venctiae
1077 996 1110 1060 in
1131 993 1298 1060 Britannia
1323 968 1436 1059 minori

225 1095 259 1164 S.
282 1095 442 1162 Vincentii
473 1095 665 1163 confessoris
697 1103 908 1181 cognomento
939 1097 1096 1164 Ferrerii“
1121 1098 1195 1184 919.)
1228 1096 1435 1181 Justinianus,

225 1200 278 1282 qui
306 1218 397 1265 suam
420 1201 460 1265 D.
483 1199 642 1268 Vincentii
673 1200 778 1266 Vitam
809 1199 899 1268 iussu
930 1201 1102 1289 Consulum
1134 1201 1373 1268 Valentinorum
1396 1219 1438 1264 ex

127 1351 132 1368 .
223 1303 381 1369 Processu
412 1303 670 1370 Canonizationis
707 1303 873 1370 collectam
905 1309 937 1370 et
961 1325 992 1372 a.
1023 1308 1105 1372 1575
1137 1305 1222 1390 typis
1255 1302 1437 1369 mandatam

225 1407 358 1490 allegat,
393 1407 460 1472 iure
492 1413 600 1473 monet
630 1407 768 1474 Ferrarii
798 1428 916 1474 annum
948 1407 1057 1472 mortis
1086 1411 1169 1474 1418
1196 1408 1229 1473 in
1254 1410 1337 1474 1419
1364 1425 1437 1473 9119

227 1509 421 1576 1111111111-
443 1530 637 1594 causamque
668 1511 844 1578 communis
875 1511 989 1578 erroris
1021 1511 1144 1578 derivat
1166 1532 1207 1578 ex
1229 1531 1317 1578 more
1340 1509 1438 1577 Galli-

226 1633 306 1680 cano
328 1613 533 1700 computandi
555 1635 656 1682 annos
672 1637 692 1681 a
707 1615 759 1682 die
781 1615 955 1699 Paschatis,
979 1635 1041 1698 quo
1064 1614 1128 1700 liat,
1151 1614 1437 1698 11119111419

225 1724 301 1783 1119
330 1717 456 1810 Pascha
486 1718 652 1802 acciderit,
689 1720 722 1784 in
744 1719 851 1785 Callia
872 1739 901 1784 a.
928 1721 1010 1784 1418
1037 1717 1154 1784 facturn
1186 1717 1318 1783 dicatur.
1363 1718 1437 1783 Viu-

226 1821 364 1888 centium
394 1827 500 1888 autem
528 1823 558 1889 1.
589 1824 620 1888 5.
642 1823 743 1908 April.
775 1821 856 1889 feria
886 1827 999 1904 quarta
1029 1825 1104 1887 ante
1136 1821 1336 1888 Dominicam
1367 1821 1438 1886 Pal-

225 1944 349 1991 marum
372 1927 529 2009 migrasse
551 1926 593 1992 ad
617 1925 784 2011 Christum,
809 1947 850 1992 cx
872 1927 1028 1992 Processu
1055 1924 1313 1992 canonizationis
1335 1945 1439 2008 neque

225 2029 344 2114 minus,
367 2049 451 2096 anno
475 2032 558 2096 1418
580 2029 696 2096 festum
718 2029 886 2096 Paschatis
909 2047 1019 2094 mense
1041 2028 1155 2094 Martio
1177 2027 1277 2095 fuisse
1299 2028 1439 2096 celebra-
1473 2099 1477 2104 ,

225 2137 302 2216 tum,
325 2152 366 2198 ex
382 2132 537 2216 Computo
558 2131 673 2218 liquct3
696 2139 730 2199 at
743 2151 828 2200 auno
853 2135 935 2199 1419
959 2122 1084 2198 Pascha
1099 2131 1132 2198 in
1148 2131 1232 2198 diem
1251 2135 1302 2200 16.
1318 2131 1437 2217 Aprilis

225 2227 378 2302 incidisse
400 2242 432 2302 91
453 2235 506 2301 119
529 2239 558 2319 5.
583 2235 724 2304 eiusdem
749 2237 868 2312 mensis
896 2236 1007 2303 feriam
1030 2241 1176 2320 quartam
1197 2241 1273 2302 ante
1295 2235 1438 2302 Domini·

227 2361 296 2408 cam
319 2339 352 2405 in
374 2339 484 2406 Ramis
505 2339 686 2406 Palmarum
708 2339 807 2408 fuisse
830 2345 965 2408 constat.

332 2443 598 2511 Commemoratio
624 2463 668 2509 ss.
695 2450 881 2529 martyrum,
915 2445 969 2529 qui
1000 2445 1059 2511 sub
1084 2434 1212 2512 Nerone
1243 2443 1440 2530 Imperatore
1531 2449 1543 2454 “

228 2549 268 2616 19
291 2547 386 2616 Urbis
408 2545 556 2612 incendio
578 2567 634 2630 per
653 2547 843 2614 calumniam
865 2549 1015 2634 accusati,
1039 2547 1166 2614 diverso
1188 2547 1298 2614 mortis
1321 2567 1441 2632 genere

227 2654 269 2719 ab
292 2673 330 2720 eo
351 2650 431 2718 iussi
453 2656 526 2718 sunt
548 2649 737 2716 saevissime
763 2649 898 2718 interfici
925 2652 1061 2740 (091119
1083 2651 1156 2717 Kal.
1179 2651 1271 2737 lul),
1302 2651 1440 2718 Barcnio

227 2777 340 2823 ausam
376 2752 465 2822 dedit
499 2753 543 2820 11
576 2749 807 2840 annotandum,
855 2755 940 2840 quod
976 2755 1073 2832 etiam
1110 2755 1248 2838 gentiles
1282 2754 1439 2839 historici,

226 2859 371 2944 Tacitus,
404 2857 588 2940 Suetonius,
621 2859 683 2923 Dio
706 2857 806 2925 falsas
829 2859 964 2926 Neronis
987 2859 1020 2924 in
1044 2858 1241 2925 Christianos
1264 2857 1440 2923 calumnias

229 2963 262 3028 in
284 2963 389 3048 ipsum
419 2967 641 3045 retorqueant3
678 2982 788 3028 verum
813 2984 878 3029 non
902 2963 1040 3028 Sabinus
1071 2962 1214 3046 Flavius,
1249 2981 1343 3044 quem
1365 2960 1442 3026 citat

230 3065 395 3149 Barcnius,
420 3064 478 3132 sed
494 3065 626 3132 Subrius
641 3065 780 3151 Flavius,
804 3087 897 3150 quem
916 3073 1003 3134 recte
1022 3065 1183 3133 substituit
1197 3063 1408 3148 Justinianus,
1417 3064 1440 3148 ¹)

228 3171 287 3236 fuit
316 3190 399 3236 unus
430 3189 471 3236 ex
502 3169 673 3236 coniuratis
704 3177 814 3236 contra
843 3173 1018 3251 Neronem,
1056 3169 1111 3254 qui
1141 3167 1322 3238 incendium
1356 3167 1442 3233 istud

229 3273 414 3360 imperatori
436 3272 629 3356 exprobrare
650 3293 714 3338 non
737 3273 881 3360 timuitl)

332 3379 463 3443 Praeter
477 3376 595 3440 Verum
611 3375 835 3463 Viennensem,
859 3377 913 3461 qui
928 3376 1108 3443 Arelatensi
1124 3373 1265 3443 Concilio
1281 3377 1340 3444 sub
1357 3375 1437 3442 Con-

203 3481 369 3551 ‘·stantino
405 3477 558 3563 interfuit,
604 3479 738 3548 alterum
774 3482 808 3548 S.
844 3484 962 3550 Verum
999 3481 1191 3564 Episcopum
1227 3479 1442 3546 Viennensem

229 3585 407 3674 (Martyrol.
447 3583 515 3649 Cal.
546 3582 696 3671 August.)
734 3586 833 3651 multo
870 3584 1079 3668 antiquiorem
1116 3581 1283 3663 claruisse,
1321 3603 1363 3649 ex
1394 3582 1443 3648 Pii

233 3693 343 3777 Papae
373 3687 472 3754 Primi
502 3687 643 3754 secunda
674 3687 717 3753 ad
746 3688 872 3754 Justum
903 3687 1074 3774 epistolai)
1106 3685 1212 3771 arguit
1240 3685 1443 3753 Justinianus

229 3815 290 3876 nec
304 3791 338 3858 id
353 3797 451 3875 negat
472 3791 637 3874 Barcnius,
661 3791 724 3856 imo
747 3791 811 3856 iam
831 3792 865 3857 in
884 3791 1071 3858 recensione
1093 3790 1298 3856 Plautiniana
1312 3811 1341 3855 a.
1359 3791 1442 3856 1589

229 3921 261 3985 p.
274 3901 348 3966 ι339
370 3901 435 3962 1191
458 3893 526 3961 9111
548 3895 685 3962 nominis
708 3895 840 3981 reperiri
861 3895 906 3962 ait
927 3895 1127 3962 Viennenses
1150 3893 1335 3979 episcopos,
1368 3913 1444 3976 quo·

230 4019 300 4066 rum
330 3997 441 4066 tertius
468 3999 510 4064 ab
536 3997 650 4065 Adone
680 3997 808 4086 ponitur
839 3999 964 4066 sedisse
988 4019 1018 4064 a.
1041 3999 1082 4064 D.
1106 4000 1168 4065 583
1200 4004 1444 4081 numeraturque

231 4103 406 4188 vigesimus
429 4108 539 4169 sextus
561 4101 754 4169 Viennensis
777 4102 865 4168 sedis
888 4102 1067 4188 episcopus.

334 4205 386 4271 Ad
409 4204 441 4272 d.
464 4211 495 4274 6.
519 4205 653 4288 August.
677 4205 833 4290 („Rcmae
855 4206 908 4272 via
923 4205 1032 4296 Appia!
1049 4205 1082 4270 in
1107 4205 1297 4274 coemeterio
1321 4205 1444 4272 Callisti

232 4308 348 4376 natalis
379 4308 466 4375 beati
494 4309 590 4395 Xysti
623 4309 755 4376 secundi
785 4309 895 4394 Papae
926 4314 958 4375 91
989 4309 1159 4395 martyris“
1193 4313 1269 4397 etc.)
1296 4309 1444 4398 scholion

234 4413 319 4499 quod
340 4413 465 4497 asserit,
488 4411 529 4479 de
551 4403 693 4498 reliquiis
711 4413 745 4478 S.
761 4411 858 4498 Xysti
880 4413 988 4498 Papae
1010 4413 1043 4478 in
1065 4412 1215 4497 Angliam
1237 4435 1259 4480 a
1280 4433 1316 4480 19
1337 4413 1445 4480 missis
1543 4489 1549 4507 ι

234 4519 267 4586 S.
292 4516 479 4601 Cregorium
502 4516 535 4583 in
556 4518 695 4601 Registr.
718 4536 829 4601 agere,
851 4516 1011 4603 improbat
1031 4517 1241 4584 Justinianus.
1288 4515 1443 4604 ἦ01111,α

233 4620 344 4706 inquit,
368 4627 453 4708 ,tam
473 4621 582 4688 Sixtns
604 4621 728 4687 Primus
751 4641 846 4704 quam
869 4621 1034 4687 Secundus
1057 4619 1173 4688 suerint
1193 4619 1360 4706 Martyres,
1383 4639 1446 4704 qua

233 4724 356 4797 ratione
378 4725 522 4817 applicas
544 4725 587 4793 ad
609 4725 734 4794 Sixtum
757 4723 948 4811 Secundum,
971 4723 1056 4811 quod
1078 4725 1189 4793 scribit
1210 4725 1250 4791 D.
1271 4723 1445 4809 Gregorius
