3350 5484
794 406 866 484 ,sc

243 559 286 625 (ut
308 557 384 611 circa
408 572 510 611 annum
534 557 646 612 Domini
674 558 753 614 1545)
778 559 808 612 in
834 558 934 612 eadem
958 551 1087 612 Ecclesia
1114 561 1213 612 nostra
1238 558 1372 629 instituti,
1402 575 1455 629 per

244 644 372 712 singulas
389 643 448 698 fere
466 644 531 699 anni
550 645 731 714 septimanas,
749 648 830 698 extra
847 643 998 700 Adventus
1017 647 1045 698 et
1057 643 1298 714 Quadragesimac
1315 651 1454 716 tempora,

243 731 411 786 celebratur.
445 730 575 786 Alterum
593 731 692 801 accepi
705 748 740 786 ex
752 731 926 786 bibliotheca
945 731 1090 785 cuiusdam
1108 731 1174 786 mihi
1192 732 1338 787 familiaris
1357 733 1454 804 amici,

243 818 321 887 qnod
348 833 415 872 sane
442 819 475 873 R.
495 820 530 876 P.
554 819 589 873 D.
615 818 742 874 Joanncs
768 817 947 872 Vlimmem‘us
975 817 1181 871 Canonicornm
1208 818 1392 887 Regularium
1418 819 1454 873 D.

243 905 354 959 Martini
379 904 499 959 Lovanii
527 905 609 958 Prior
636 911 664 961 et
691 905 796 960 ibidem
822 903 1023 959 Universitatis
1052 902 1250 974 Antiquarius,
1281 919 1311 958 se
1338 901 1456 973 propria

242 1006 327 1044 manu
345 1005 419 1044 anno
438 991 550 1045 Domini
569 991 638 1046 1590
653 992 728 1046 infra
746 985 880 1047 octavam
898 991 925 1046 S.
943 991 1087 1046 Lamberti
1105 1007 1140 1046 ex
1157 994 1273 1045 vetusto
1291 1005 1456 1060 papyraceo

245 1076 288 1129 sui
307 1074 426 1147 collegii
450 1077 555 1133 Codice
577 1078 805 1147 transscripsissc
827 1093 862 1131 ac
880 1077 1046 1148 contulisse,
1072 1093 1124 1131 sna
1148 1077 1233 1131 etiam
1255 1076 1457 1146 subsignatura

244 1161 296 1217 sub
314 1162 389 1216 illius
410 1163 493 1218 finem
511 1164 548 1218 ob
566 1164 596 1219 id
613 1165 726 1219 adiecta
751 1169 911 1219 attestatur.
947 1165 1082 1234 Utrisque
1102 1179 1173 1219 vero
1192 1163 1343 1234 diligenter
1354 1165 1398 1218 ad
1415 1165 1456 1218 in·

242 1249 335 1303 vicem
353 1249 477 1320 collatis,
503 1251 597 1320 reperi
614 1251 665 1305 illa
682 1251 717 1305 de
735 1251 826 1306 verbo
847 1251 884 1305 ad
902 1251 1021 1326 verbum
1040 1251 1094 1306 sibi
1113 1249 1350 1320 correspondere,
1368 1251 1457 1306 salvis

243 1336 277 1390 iis
299 1335 414 1406 paucis,
441 1351 515 1405 quac
537 1337 566 1390 in
589 1341 782 1406 transsumpto
807 1352 860 1406 per
877 1352 921 1391 me
938 1337 973 1391 D.
991 1337 1026 1392 V.
1045 1337 1143 1391 lllmae
1166 1337 1252 1391 misso
1275 1336 1314 1391 ad
1332 1336 1456 1391 eiusdem

244 1422 350 1477 calcem
369 1423 507 1478 adnotata
525 1424 721 1480 subiiciuntur.

348 1507 369 1576 ⁵)
390 1509 448 1575 ,Ex
466 1526 522 1580 quo
541 1511 668 1565 divinum
691 1510 762 1564 illud
779 1525 815 1564 ac
833 1510 918 1579 plane
942 1526 1059 1566 aureum
1076 1510 1105 1564 in
1123 1511 1204 1564 Rom.
1221 1510 1457 1582 Martyrologinm

244 1600 313 1651 ate
337 1594 534 1651 elucubratum
560 1614 633 1667 opus
655 1595 799 1654 in¹lucem
826 1597 947 1668 prodiit,
977 1602 1005 1652 et
1025 1587 1141 1667 Alpium
1164 1596 1234 1668 iuga
1254 1599 1458 1653 transcendens

244 1683 369 1738 secundo
387 1683 429 1737 tui
447 1683 594 1738 clarissimi
613 1685 732 1740 nominis
750 1684 851 1740 favore
869 1685 898 1738 in
916 1685 1118 1740 remotissimas
1137 1683 1292 1739 Galliarum
1311 1701 1377 1739 oras
1394 1701 1458 1754 per-

241 1769 326 1840 vasit,
344 1769 503 1825 Cardinalis
521 1771 610 1842 lllme,
633 1772 752 1826 audiens
769 1773 799 1826 in
816 1771 866 1826 illo
884 1771 947 1840 ipso
966 1771 1143 1826 notationum
1162 1787 1249 1840 opere
1268 1771 1375 1840 aliquid
1394 1775 1458 1826 ate

244 1855 388 1926 scriptum,
407 1857 484 1926 quod
501 1856 586 1912 fidem
604 1858 694 1928 vulgo
712 1861 857 1926 receptam
876 1858 911 1912 de
929 1857 1069 1913 translata
1087 1858 1124 1912 ad
1142 1873 1195 1912 nos
1212 1857 1285 1912 facie
1298 1856 1326 1912 S.
1339 1856 1459 1912 Joannis

242 1942 407 2016 Baptistae,¹
418 1947 447 1997 et
459 1960 477 1998 a
488 1944 583 1999 multis
600 1944 656 1998 iam
674 1944 797 1999 saeculis
815 1943 913 2000 debita
930 1960 965 2000 ac
978 1945 1128 2016 frequenti,
1145 1949 1177 1999 ut
1189 1962 1243 2016 par
1255 1948 1306 2016 est,
1324 1960 1343 1999 a
1354 1946 1460 1999 nostris

245 2029 431 2084 veneratione
459 2030 536 2086 culta
563 2031 738 2086 convelleret
763 2031 826 2097 (cfr.
844 2033 948 2086 Baron.
966 2032 984 2085 i.
1002 2049 1029 2086 n.
1047 2032 1085 2086 ad
1104 2032 1130 2086 d.
1148 2033 1191 2086 29.
1208 2032 1307 2102 Aug.)‚
1334 2031 1390 2086 dici
1407 2032 1457 2085 vix

242 2119 350 2186 potest,
369 2131 452 2186 quam
471 2132 558 2186 saepe
576 2118 698 2186 optarim
716 2119 787 2174 certi
803 2119 924 2174 hominis
942 2119 1105 2174 facultatem
1129 2117 1253 2172 nancisci
1271 2117 1392 2187 Romae,
1413 2117 1459 2172 cui

242 2201 315 2257 liber
339 2202 377 2257 ad
399 2207 428 2258 te
450 2207 563 2272 pateret
583 2204 691 2275 aditus,
717 2191 750 2258 nt
774 2205 908 2274 quoniam
932 2220 984 2275 per
1006 2221 1069 2262 eam
1091 2220 1149 2274 qua
1170 2209 1228 2259 tam
1254 2204 1341 2275 longe
1368 2205 1459 2260 dissiti

244 2305 340 2344 sumus
358 2288 486 2344 locorum
505 2288 678 2360 distantiam,
694 2291 899 2361 inpraesentia
916 2295 1009 2346 tecum
1022 2291 1058 2346 de
1071 2307 1105 2346 eo
1119 2291 1249 2346 conferre
1264 2307 1321 2346 non
1335 2293 1459 2362 daretur,

243 2375 273 2430 id
291 2375 391 2430 saltem
409 2391 460 2444 per
478 2375 679 2432 internuntium
702 2395 891 2448 consequerer
909 2419 916 2433 .
935 2419 942 2432 .
978 2377 1072 2443 Quare
1090 2379 1127 2433 ab
1146 2377 1244 2433 amicis
1262 2419 1269 2431 .
1288 2419 1294 2432 .
1313 2377 1397 2433 facile
1415 2395 1459 2434 me

243 2461 409 2531 persuaderi
433 2477 535 2531 passus
554 2478 629 2534 snm,
655 2468 688 2518 ut
704 2464 821 2519 brevem
840 2465 875 2519 de
894 2463 948 2519 hac
970 2465 1156 2520 translatione
1178 2466 1433 2520 commentarium.
1452 2507 1459 2520 .

243 2549 272 2602 in
289 2545 432 2602 hominum
454 2554 638 2618 conspectum
656 2551 761 2606 darem.
797 2551 834 2604 Et
852 2550 986 2619 quoniam
1003 2550 1033 2605 id
1052 2567 1158 2621 operae
1182 2552 1338 2607 vernacula
1361 2556 1460 2606 nostra

243 2635 342 2705 lingna
352 2635 382 2688 in
393 2635 576 2704 popularium
588 2636 696 2691 scilicet
707 2641 869 2692 nostrorum
885 2637 1007 2707 gratiam
1024 2638 1199 2707 potissimum
1212 2654 1230 2693 a
1241 2654 1286 2693 me
1299 2642 1460 2707 susceptum

246 2726 316 2791 erat,
334 2725 366 2775 ut
384 2721 413 2775 in
432 2737 467 2777 ea
485 2723 602 2794 scilicet,
621 2739 678 2793 qua
700 2728 766 2779 sunt
784 2740 854 2794 erga
870 2725 943 2778 tanti
961 2725 1162 2780 Praecursoris
1184 2725 1285 2780 merita
1302 2725 1408 2794 pietate
1426 2741 1461 2779 ac

245 2808 402 2864 devotione
420 2809 594 2881 foverentur,
612 2851 618 2865 .
640 2852 646 2865 .
665 2826 773 2866 summa
789 2811 865 2866 illius
881 2811 959 2866 vitae
972 2811 1074 2881 Capita
1092 2825 1127 2866 ex
1146 2811 1305 2882 EvangeHo
1324 2811 1461 2884 delibans,

243 2896 363 2966 primam
390 2903 500 2966 partem
523 2898 553 2952 in
578 2897 637 2954 eins
663 2903 782 2954 mortem
809 2899 1040 2968 sepulturamque
1068 2897 1203 2953 conclusi.
1238 2899 1348 2953 Deinde
1365 2897 1414 2952 nbi
1432 2898 1461 2952 in

245 2984 336 3038 altera
354 2984 389 3038 de
407 2984 555 3054 multiplici
579 2985 761 3055 reliquiarum
780 2989 809 3040 et
826 2985 945 3040 maxime
964 2985 1000 3040 de
1018 2984 1126 3055 Capitis
1145 2985 1206 3040 eius
1223 2985 1399 3054 inventione,
1426 2999 1461 3038 ex

244 3070 279 3124 iis
302 3071 480 3141 auctoribus,
508 3087 580 3140 qnos
603 3071 632 3124 in
654 3071 709 3126 hac
732 3073 871 3127 honorum
897 3071 1034 3127 librorum
1057 3075 1086 3126 et
1109 3071 1345 3127 bibliothecarum
1371 3087 1462 3140 egena

244 3157 315 3211 urhe
337 3156 433 3228 legere
457 3157 554 3212 datum
579 3160 634 3227 est,
663 3157 816 3212 dilucidam
837 3158 1029 3213 narrationem
1053 3158 1218 3229 perstrinxi3
1247 3159 1333 3212 tertia
1351 3158 1462 3212 demum

244 3247 328 3312 parte
351 3258 450 3297 veram
473 3243 667 3298 translationis
691 3243 838 3298 historiam
857 3261 872 3299 e
891 3243 1205 3314 Constantinopolitano
1227 3260 1279 3314 per
1297 3243 1396 3300 Gallos
1415 3260 1461 3300 cx-

248 3329 322 3384 cidio
340 3329 369 3383 in
387 3328 461 3383 hanc
472 3328 586 3399 Urbem,
604 3329 684 3383 iuxta
697 3345 732 3384 ea
744 3345 818 3400 quae
836 3334 904 3384 tunc
916 3346 935 3385 a
946 3331 1089 3386 Riccardo
1106 3331 1305 3386 Ambianensis
1324 3332 1461 3387 ecclesiae

246 3416 381 3486 episcopo
399 3414 552 3470 memoriae
569 3414 685 3484 prodita
702 3419 779 3487 sunt,
805 3433 913 3472 summa
938 3416 995 3472 fide
1013 3417 1164 3487 descripsi,
1191 3418 1341 3473 nonnullas
1360 3419 1397 3473 ad
1416 3435 1461 3473 ex·

245 3508 365 3558 tremum
394 3503 519 3557 rationes
547 3501 717 3572 adiungens,
744 3518 818 3573 quae
841 3504 883 3558 rei
903 3503 1020 3558 veritati
1046 3504 1196 3577 plurimum
1218 3504 1299 3559 visae
1323 3508 1389 3559 sunt
1405 3504 1462 3559 suf·

246 3589 368 3659 fragori:
398 3589 478 3644 cuius
501 3588 589 3644 libelli
616 3629 622 3643 .
647 3629 654 3645 .
677 3587 729 3643 tibi
757 3581 869 3659 copiam
895 3590 991 3645 facere
1018 3605 1105 3646 ausus
1133 3608 1208 3662 snm,
1237 3608 1294 3646 non
1320 3591 1461 3662 ingratum

246 3675 371 3730 futurum
394 3690 528 3746 sperans,
555 3674 602 3744 qni
620 3675 761 3730 benevolo
786 3677 879 3731 animo
899 3681 927 3731 et
944 3675 1027 3730 hilari
1044 3675 1151 3748 fronte,
1179 3681 1338 3733 ceterorum
1357 3679 1404 3747 qui
1423 3678 1461 3732 ad

246 3766 275 3816 tc
294 3761 433 3816 derebus
455 3761 632 3830 antiquitatis
656 3760 874 3818 ohservationes
898 3762 1038 3833 scribunt,
1065 3762 1167 3818 solitus
1186 3779 1229 3834 es,
1256 3764 1346 3819 veluti
1364 3764 1462 3820 Hiero·

250 3864 351 3919 nymus
370 3848 450 3919 altor,
469 3839 626 3918 excipere.
645 3851 668 3903 .“
706 3845 841 3916 (Alberic.
860 3848 982 3919 111,332
999 3854 1052 3919 sq.)

813 4237 905 4322 Lll.

351 4509 572 4596 Martyrologii
604 4509 794 4593 Gregoriani
827 4507 975 4576 editionis
1006 4509 1171 4594 legitimae
1202 4531 1243 4577 er
1271 4531 1355 4576 anno
1387 4509 1463 4576 inde

250 4615 334 4680 1584
367 4612 511 4699 repetitis
547 4613 677 4681 Baronii
715 4616 799 4681 curis
833 4612 1011 4697 castigatae
1048 4635 1166 4681 novam
1203 4635 1286 4699 qnae
1322 4613 1464 4680 innuitur

249 4719 282 4783 in
305 4716 382 4783 Ood.
408 4716 605 4784 Vallicellan.
630 4717 668 4796 Q.
693 4725 733 4788 31
757 4719 1006 4803 recognitionem
1030 4719 1089 4784 suh
1111 4719 1242 4786 Urbano
1264 4719 1353 4804 Papa
1377 4717 1462 4783 Vlll.

249 4820 309 4889 bac
340 4820 462 4890 ratione
493 4821 610 4888 factam
644 4821 757 4908 fuisse,
792 4829 828 4888 ut
853 4823 983 4902 nomina
1011 4821 1200 4890 Sanctorum
1232 4822 1465 4905 subsequenter
