3350 5484
812 385 854 454 98

228 540 298 614 sias,
324 540 409 598 etiam
434 540 472 596 ad
489 540 659 611 Romanam,
686 556 758 596 esse.
771 546 974 612 propagatam,
1002 558 1054 598 nec
1077 542 1168 598 minus
1191 546 1301 598 constet
1325 543 1440 600 saeculo
1520 601 1534 629 ς

228 629 322 684 adhuc
349 629 458 684 deotmo
485 633 566 684 sexto
590 627 696 682 Julium
720 629 827 697 Papam
850 629 976 684 Tertium
1003 629 1180 698 approbasse
1205 630 1440 700 Martyrologinm

228 716 385 772 Alexandri
403 716 438 770 de
451 713 621 786 Peregmnis,
639 715 668 768 iu
687 730 743 784 quo
762 714 858 770 Pridie
876 716 974 771 Nonas
991 715 1157 770 Decembris
1175 714 1295 772 Sanctus
1315 715 1441 772 Clemens

227 804 324 859 Presh.
342 803 387 857 Al.
405 805 589 871 memoratur,
606 799 689 855 huius
707 802 805 870 utique
823 817 924 856 nomen
941 818 993 871 per
1010 801 1125 871 longam
1144 801 1322 856 saeculorum
1341 803 1441 858 seriem

226 889 422 961 reperiebatur
440 887 612 957 descriptum
623 888 652 941 in
664 887 879 959 Martyrologio,
897 889 974 958 quod
992 888 1185 943 vetustissimo
1199 887 1345 944 Ecclesiae
1363 906 1441 945 more

226 978 332 1047 legitur
354 977 392 1031 ad
409 975 463 1030 Dei
484 975 605 1046 gloriam
623 974 707 1028 etad
725 973 894 1030 Sanctorum
919 975 1047 1044 ipsorum
1071 991 1191 1044 quornm
1213 976 1350 1030 memoria
1368 976 1441 1031 cele.

227 1063 327 1118 bratnr
347 1061 469 1116 laudem.
504 1059 553 1115 Sin
576 1065 672 1116 autem
698 1063 899 1118 annuntiantur
920 1062 949 1116 in
971 1062 1178 1132 Martyrologio
1206 1062 1321 1116 uomina
1344 1067 1373 1116 et
1394 1079 1441 1118 res

226 1154 325 1220 gestae
344 1164 442 1204 eorum
461 1148 549 1218 quiin
562 1164 596 1204 eo
610 1149 744 1218 descripti
763 1153 836 1218 sunt,
854 1151 886 1202 ut
898 1147 1057 1202 excitentur
1073 1147 1186 1203 Fideles
1205 1149 1243 1204 ad
1255 1149 1439 1212 imitationem

227 1241 256 1291 et
274 1236 358 1291 etiarn
376 1235 413 1290 ad
432 1235 550 1306 cultum,
577 1234 676 1290 saltem
699 1236 835 1290 indirecte
857 1235 924 1289 licet
947 1235 1116 1289 concludere
1140 1251 1192 1304 per
1215 1236 1299 1305 plura
1324 1236 1440 1291 saecula

227 1323 332 1377 cultum
354 1321 490 1376 Clementi
515 1321 603 1376 fuisse
631 1321 793 1376 exhibitum.
828 1323 927 1392 Neque
954 1322 1069 1377 tandem
1095 1321 1310 1392 inexplicabiles
1337 1321 1442 1394 ingerit

228 1407 411 1463 difficultates
429 1407 535 1462 Gelasii
553 1409 651 1477 Papae
668 1409 840 1479 Decretalis‚
868 1409 948 1464 cuin's
966 1410 995 1464 in
1014 1411 1108 1480 capite
1126 1409 1167 1463 IV
1184 1409 1267 1464 nobis
1287 1413 1442 1464 occurrunt

228 1495 384 1564 ,opuscula
406 1494 523 1549 alterius
541 1494 692 1560 Clementis
712 1495 898 1550 Alexandrini
916 1496 1098 1567 apocrypha“
1122 1493 1236 1565 (I'he'el,
1253 1497 1343 1566 Epist.
1360 1497 1441 1551 Rom.

226 1581 331 1638 Pontif.
349 1582 372 1650 Ι,
388 1581 465 1653 467);
492 1598 557 1637 nam
576 1582 707 1651 quamvis
725 1581 860 1651 effugium
877 1599 928 1638 seu
946 1582 1113 1653 hypothesis
1131 1584 1167 1638 de
1185 1583 1297 1638 duobus
1315 1583 1441 1640 Clemen-

226 1667 303 1724 tibus
314 1667 514 1722 Alexandrinis
533 1668 747 1738 cognominibus
764 1668 831 1722 mihi
848 1668 926 1724 haud
943 1669 1080 1740 probetur
1093 1675 1122 1725 et
1134 1671 1263 1740 quamvis
1276 1671 1312 1726 de
1324 1670 1441 1724 notione

226 1754 454 1826 apocryphorum
474 1754 634 1809 definienda
652 1771 708 1810 non
726 1771 822 1810 omnes
839 1756 914 1810 idem
932 1757 1063 1827 sentiant,
1081 1757 1188 1812 Gelasii
1206 1762 1300 1812 tamen
1320 1771 1441 1810 censura

225 1842 380 1911 proscribit
402 1855 476 1911 quae
499 1841 770 1896 circumferebantur
793 1843 890 1912 spuria
913 1847 963 1898 aut
984 1843 1172 1915 interpolata,
1199 1860 1256 1898 non
1279 1843 1390 1898 siucera
1413 1846 1443 1897 et

226 1929 350 2000 genuIna
374 1943 462 1998 opera
484 1927 649 1998 (demands,
677 1943 759 1998 quem
783 1927 810 1984 S.
836 1927 958 2000 Gyrillus
980 1929 1191 1985 Alexandrinus
1217 1933 1328 2000 (contra
1351 1925 1442 1984 lulla-

225 2015 422 2086 uumV1,205)
441 2014 547 2084 ubique
560 2019 674 2069 sanctos
692 2017 840 2084 apostolos
859 2032 921 2071 esse
940 2021 1067 2072 secutum
1086 2018 1154 2084 (τοῖς
1171 2013 1259 2081 ἁγίοις
1276 2013 1443 2072 ἀποστόλοις

227 2099 356 2163 ἑπόμενος
378 2105 535 2171 πανταχοῦ)
562 2101 678 2171 asserit,
706 2103 786 2157 cuius
814 2101 841 2158 S.
860 2103 1049 2173 Hieronymus
1077 2103 1179 2171 (Datal.
1205 2101 1308 2172 Script.
1332 2101 1441 2156 Eccles.

229 2204 252 2242 c.
269 2187 436 2257 XXXVIII)
463 2187 549 2257 plena
572 2187 738 2249 eruditionis
761 2193 790 2243 et
813 2189 992 2259 eloquentiae
1019 2193 1077 2242 tam
1101 2189 1136 2244 de
1158 2189 1307 2259 scripturis
1334 2186 1439 2242 divinIs

226 2289 311 2343 quam
325 2273 360 2329 de
374 2273 510 2329 secularIs
527 2273 693 2328 literaturae
710 2274 895 2330 instrumento
913 2275 1058 2329 volumina
1076 2276 1177 2332 laudat
1193 2275 1269 2332 etde
1288 2291 1345 2344 quo
1362 2274 1437 2328 idem

226 2359 348 2416 Sanctus
365 2361 475 2416 Doctor
492 2360 520 2414 iu
539 2359 661 2429 epistola
682 2361 786 2432 Magno
805 2361 1077 2430 Oratori.inscripta
1096 2378 1119 2428 c,
1136 2362 1167 2417 4:
1197 2360 1370 2434 „Clemens,“
1399 2360 1440 2414 iu·

226 2447 298 2517 quit,
318 2447 537 2514 „alexandrinae
555 2447 693 2502 ecclesiae
710 2448 876 2518 presbyter,
898 2447 945 2502 vir
962 2463 1025 2502 meo
1043 2449 1149 2504 iudicio
1170 2449 1292 2504 omnium
1311 2447 1440 2504 eruditIs·

226 2534 326 2604 almus,
353 2538 419 2588 octo
442 2533 556 2602 scripslt
578 2532 751 2588 stromatum
775 2533 863 2590 libros
891 2539 921 2589 et
942 2535 1061 2590 totidem
1084 2531 1284 2586 ὕποτνπώσιωι
1306 2538 1335 2588 et
1352 2534 1438 2589 alium

226 2624 326 2674 contra
347 2624 460 2692 gentes,
486 2619 650 2690 paedagogi
675 2636 789 2690 quoque
813 2621 868 2676 tria
885 2622 1039 2676 volumius.
1076 2621 1149 2687 Quid
1166 2621 1196 2675 in
1213 2621 1269 2674 illis
1287 2621 1440 2690 indoctum,

224 2705 281 2761 imo
308 2706 377 2776 quid
402 2722 459 2761 non
482 2707 518 2762 de
543 2707 637 2762 media
662 2706 843 2777 philosophia
865 2708 944 2764 est?“
981 2709 1126 2778 Nusquam
1152 2710 1246 2763 autem
1269 2723 1322 2762 nec
1340 2707 1440 2762 Hiero-

224 2809 326 2864 nymus
342 2809 395 2848 nee
413 2794 461 2848 alii
479 2793 570 2848 sancti
587 2793 734 2849 Ecclesiae
756 2793 857 2850 Patres
879 2795 1059 2851 offenderunt
1083 2809 1194 2850 errores
1213 2793 1317 2863 quibus
1335 2793 1440 2848 fuerint

225 2894 344 2949 aspersa
361 2879 512 2936 Clementis
534 2879 640 2950 scripta
663 2895 812 2952 germana3
842 2882 1030 2936 recentiorum
1054 2897 1125 2936 vero
1149 2880 1296 2935 doctrinae
1314 2879 1441 2935 (ilemen-

224 2965 302 3021 tinae
330 2967 561 3022 adversariorum
588 2971 755 3036 argumenta
783 2967 943 3023 rationibus
972 2967 1160 3023 validioribus
1188 2965 1335 3021 confutata
1363 2965 1441 3022 haud

225 3051 311 3107 semel
329 3068 364 3107 ac
381 3058 490 3110 retorta
508 3058 581 3109 sunt.

330 3145 350 3216 ²)
368 3147 432 3202 Act.
451 3147 500 3204 SS.
517 3148 596 3203 Tem.
614 3149 666 3204 III.
684 3165 720 3204 m.
738 3148 804 3204 Maii
823 3149 850 3204 d.
871 3151 912 3204 14.
933 3225 945 3230 Ἴ.
1258 3224 1260 3229 μ

330 3242 352 3317 ἒ)
370 3243 479 3298 Romae
501 3243 592 3318 sancti
614 3242 706 3299 Simoii
731 3243 828 3312 Papae
851 3249 880 3299 et
897 3242 1088 3313 Confessoris,
1116 3241 1259 3312 doctrina,
1285 3243 1393 3312 pietate
1411 3247 1441 3298 et

225 3329 371 3401 religionis
394 3328 457 3384 zelo
480 3327 635 3402 praeclari,
661 3330 710 3400 qui
733 3330 832 3401 varios
859 3330 1005 3386 damnavit
1030 3329 1192 3384 haereticos
1216 3333 1245 3383 et
1262 3328 1438 3398 disciplinam

225 3418 447 3474 ecclesiasticam
473 3415 664 3472 saluberrimis
691 3415 813 3470 decretis
838 3416 1019 3490 instauravit.
1061 3416 1219 3485 (Martyrol.
1246 3417 1327 3472 Rom.
1350 3413 1437 3470 Sexto

224 3505 371 3560 Kalendas
388 3502 572 3571 Decembris.)

784 3890 879 4002 nx.

328 4181 388 4248 Pro
411 4179 643 4267 complemento
669 4179 763 4246 huius
789 4185 918 4247 nostrae
950 4179 1226 4249 commentationis
1248 4179 1326 4247 nihil
1349 4175 1437 4246 aliud

223 4291 380 4370 remanet,
413 4304 508 4368 quam
530 4291 566 4352 ut
587 4283 784 4351 adducamus
811 4289 843 4350 et
864 4284 1035 4351 lustremus
1064 4284 1223 4352 Generale
1250 4280 1336 4366 quod
1363 4301 1436 4350 con-

223 4388 398 4455 troversiae
425 4389 510 4455 circa
532 4389 591 4455 SS.
614 4389 788 4472 Domuum,
821 4390 1035 4455 Domnionem
1058 4393 1090 4454 et
1110 4387 1283 4455 Eusebium
1294 4385 1319 4471 ¹)
1346 4404 1436 4452 occa·

223 4493 314 4559 sione
336 4513 366 4557 a.
392 4494 475 4558 teto
501 4493 736 4578 promulgatum
764 4497 814 4557 est
839 4490 929 4558 iussu
955 4491 1006 4556 Pii
1028 4493 1137 4578 Papae
1159 4492 1241 4557 Noni
1264 4490 1434 4555 Decretum

223 4617 280 4682 pro
316 4595 488 4662 cultoribus
521 4595 673 4664 historiae
706 4593 944 4662 ecclesiastieae
981 4599 1014 4660 et
1046 4615 1158 4662 sacrae
1191 4591 1435 4675 archaeologiae

222 4701 392 4785 agentibus
419 4699 460 4766 de
487 4699 628 4784 Sanctis,
661 4698 715 4784 qui
741 4699 774 4764 in
800 4696 1006 4784 possessione
1037 4703 1112 4764 sunt
1141 4695 1260 4783 pubIIci
1291 4695 1393 4764 cultus
1415 4714 1436 4760 a

223 4805 343 4874 Sancta
375 4802 460 4870 Sede
493 4804 659 4888 recognita
692 4808 724 4868 et
756 4801 981 4887 adprobatus)
1037 4801 1141 4879 Quum
1175 4800 1299 4868 seilicet
1330 4800 1435 4866 clarus
