3350 5484
748 699 750 704 ’
773 757 907 840 ueri.

313 1028 471 1118 ¹Gemina
494 1033 543 1096 est
565 1029 724 1114 quaestio,
757 1029 797 1096 de
820 1051 883 1113 qua
905 1031 1066 1106 Nicolaus,
1086 1033 1232 1100 Serarius
1255 1033 1441 1120 (societatis

169 1193 170 1198 ,
230 1132 309 1198 iesu
331 1130 512 1216 philologus
535 1137 630 1214 atque
657 1131 813 1220 interpres
837 1135 870 1200 S.
895 1135 1077 1222 Scripturae
1100 1137 1251 1220 egregius
1266 1137 1291 1224 ¹)
1322 1159 1446 1204 necnon

230 1234 272 1330 de
304 1235 437 1300 historia
468 1235 687 1302 ecclesiastica
718 1237 910 1304 Germaniae
941 1237 1094 1324 Epistolis
1126 1239 1160 1304 S.
1189 1240 1346 1307 Boniiacii
1377 1241 1446 1306 luce

230 1337 357 1403 donatis
389 1359 427 1403 ac
447 1337 537 1404 libris
566 1359 671 1406 rerum
693 1337 966 1422 Mogontiacarum
997 1344 1136 1425 quinque
1168 1343 1444 1430 meritissimusti)

230 1442 264 1506 in
286 1441 400 1506 litteris
423 1441 587 1527 Herbipoli
602 1447 633 1509 4.
650 1445 723 1510 Kal.
748 1445 894 1511 Octobris
912 1449 993 1514 1589
1017 1445 1101 1512 datis
1109 1446 1136 1532 ³)
1158 1447 1330 1514 Baroninm
1352 1447 1446 1526 inter-

229 1545 338 1630 pellat.
384 1544 446 1610 Ubi
468 1545 552 1642 epim
575 1565 657 1629 quae
681 1549 713 1612 in
736 1548 964 1632 Martyrolcgio
990 1548 1083 1614 nobis
1117 1551 1252 1634 septimo
1274 1550 1347 1616 Kal.
1370 1551 1446 1615 licii

231 1657 398 1724 occurrunt
424 1648 536 1714 verba:
571 1649 712 1736 ,Romae
734 1648 881 1717 Litaniae
905 1652 1041 1718 maiores
1064 1651 1106 1718 ad
1129 1663 1272 1719 sanctum
1295 1653 1443 1720 Petrum“

114 1817 116 1822 ,
230 1735 463 1838 interpretatur,
488 1753 643 1818 Baronius
667 1753 728 1819 etsi
750 1755 982 1840 inexploratum
1005 1756 1067 1821 sibi
1090 1777 1163 1823 esse
1185 1756 1316 1842 fatetur,
1340 1777 1444 1840 aquo

230 1855 377 1922 Litaniae
404 1857 540 1942 primum
570 1855 686 1922 fuerint
712 1857 889 1945 institutae,
923 1860 1173 1926 vetustissimum
1195 1867 1302 1928 tamen
1326 1882 1445 1927 morem

230 1962 330 2026 ibisse
353 1961 386 2024 in
404 1960 550 2025 Ecclesia
571 1959 699 2027 litanias
722 1981 878 2046 peragere
900 1983 957 2048 pro
980 1971 1066 2030 certo
1090 1963 1195 2049 babet,
1221 1985 1316 2048 quum
1339 1963 1446 2048 quoad

231 2065 401 2130 ecclesiam
433 2064 619 2129 orientalem
653 2065 685 2130 S.
709 2067 847 2132 Basilius
877 2065 911 2132 in
943 2067 1079 2152 epistola
1107 2072 1159 2135 63.
1192 2069 1235 2134 ad
1266 2070 1445 2137 Neocaesa-

231 2169 354 2236 rienses
382 2167 501 2252 tradat,
533 2167 566 2233 in
590 2189 630 2235 ea
653 2171 789 2238 ecclesia
811 2171 844 2236 in
865 2191 925 2238 usu
946 2170 1047 2236 fuisse
1074 2169 1218 2238 Litanias
1250 2173 1445 2259 temporibus

189 2327 191 2332 .
232 2275 264 2340 S.
282 2273 430 2356 Gregorii
444 2279 655 2356 cognomento
671 2265 909 2358 Thaumaturgi.
931 2275 974 2340 At
990 2275 1135 2340 Serarius
1152 2274 1288 2342 Basilios
1304 2275 1445 2342 Graecos

232 2385 264 2444 et
289 2378 438 2460 Latinos,
473 2396 552 2459 quos
583 2376 653 2462 ipse
683 2377 871 2463 inspexerit,
906 2373 1097 2445 contrarium
1125 2399 1254 2464 prorsus
1286 2377 1446 2446 affirmare

231 2481 340 2547 obiicit
354 2499 414 2545 nec
428 2480 550 2545 absone
566 2479 652 2562 quod
667 2483 799 2547 summis
820 2482 1010 2564 quandoque
1030 2482 1107 2548 viris
1127 2483 1243 2549 accidit
1262 2483 1445 2565 μνημονικὸν

231 2585 395 2670 ἁμάρτημα
418 2583 554 2650 coniicit.
593 2583 714 2662 Quodsi
737 2593 842 2652 autem
866 2584 1022 2651 Barcnius
1037 2585 1070 2650 in
1085 2585 1158 2652 Not.
1174 2605 1204 2652 a.
1220 2585 1252 2652 d.
1268 2592 1299 2654 9.
1316 2587 1445 2653 Octobr.

232 2691 412 2777 („l1utetiae
427 2687 619 2754 Parisiorum
642 2687 759 2754 natalis
783 2691 963 2755 sanctorum
986 2693 1158 2774 martyrum
1184 2688 1331 2774 Dionysii
1346 2691 1445 2756 Areo·

231 2795 362 2880 pagitae
385 2791 546 2878 episcopi“
564 2793 640 2877 etc.)
661 2791 693 2858 S.
711 2790 842 2859 Maximi
865 2791 1012 2860 monachi
1034 2793 1189 2858 adversus
1211 2793 1445 2860 Monotheletas

231 2896 397 2964 Ecclesiae
418 2896 665 2980 propugnatoris
688 2896 827 2980 vestigia
849 2917 987 2980 sequens
1006 2895 1178 2962 Eusebium
1203 2895 1445 2965 Caesariensem

231 3001 350 3068 idcireo
384 3001 424 3064 D.
457 2999 672 3084 Areopagitae
705 3021 836 3084 operum
870 3001 1063 3066 mentionem
1097 2999 1217 3064 nullam
1250 3000 1366 3068 iecisse
1398 3002 1445 3070 in-

233 3107 347 3188 sinuat,
371 3101 457 3186 quod
478 3103 680 3186 apertissime
703 3101 776 3168 Eilii
799 3103 997 3170 divinitatem
1020 3103 1320 3188 sanctissimamque
1343 3106 1444 3172 Trini-

232 3212 330 3276 tatem
350 3205 531 3289 asseruerit,
555 3205 604 3271 cui
620 3204 778 3274 Eusebius
799 3207 936 3292 iniquior
950 3207 1084 3294 fuerit,⁴)
1107 3205 1189 3272 banc
1203 3208 1300 3292 plane
1315 3227 1444 3275 causam

233 3333 273 3380 ex
289 3311 438 3378 affectato
459 3309 589 3374 Eusebii
614 3307 740 3376 silentio
763 3313 894 3396 petitam
918 3311 1064 3379 Serarius
1087 3311 1284 3396 probabilem
1308 3317 1444 3396 atquae

232 3415 392 3483 nonnullis
420 3413 517 3478 faciat
544 3414 623 3479 satis
652 3413 810 3500 concedit3
848 3437 957 3482 verum
984 3435 1079 3498 quum
1101 3420 1148 3480 tot
1171 3415 1226 3480 alii
1248 3422 1377 3498 tamque
1399 3415 1445 3481 in-

231 3517 344 3604 signes
367 3515 511 3584 eiusdem
533 3523 758 3585 sacrosanctae
781 3519 946 3586 Trinitatis
968 3525 1145 3586 assertores
1156 3519 1202 3584 ab
1218 3518 1331 3586 eodem
1346 3521 1445 3586 Eusc-

232 3627 286 3692 bic
320 3626 605 3690 commemorentur
638 3622 834 3706 summisque
871 3628 1022 3690 ornentur
1053 3621 1216 3707 laudibus,
1254 3629 1381 3689 'veretur
1411 3630 1446 3689 ut

233 3732 296 3796 ista
317 3727 397 3792 ratic
421 3731 453 3792 et
474 3725 656 3791 coniectura
677 3725 756 3792 satis
778 3726 870 3808 firma
893 3727 944 3793 sit.
989 3727 1073 3791 Exin
1096 3732 1295 3811 perveterem
1317 3724 1447 3812 attingit

232 3830 453 3916 Martyrolcgii
484 3827 625 3896 codicem
654 3829 811 3896 Graecum
842 3829 989 3896 foliorum
1013 3833 1085 3915 137,
1123 3849 1215 3913 quem
1239 3829 1382 3898 ioannes
1404 3831 1445 3898 de

175 3922 177 3928 ¹
233 3936 374 4018 Ragusio
406 3931 585 3998 cardinalis
617 3932 699 3999 tituli
723 3933 756 3999 S.
781 3931 863 4008 Sinti
890 3933 1051 4018 Basileae,
1086 3952 1181 4014 quum
1210 3932 1342 4016 Synodc
1368 3934 1445 4001 inibi

233 4038 363 4108 habitae
389 4037 571 4121 interesset,
603 4036 740 4120 reliquit.
786 4037 944 4106 Dubitans
972 4058 1046 4104 vero
1069 4057 1111 4102 an
1134 4035 1202 4126 eius
1229 4034 1365 4103 similem
1389 4037 1445 4103 ali-

234 4162 296 4226 quo
323 4141 355 4206 in
377 4141 485 4226 pluteo
511 4139 667 4206 Batonius
699 4141 868 4226 invenerit,
903 4140 1042 4226 exempli
1069 4159 1167 4206 causa
1190 4137 1335 4207 Serarius
1357 4141 1447 4226 ponit

234 4266 330 4312 unam
359 4243 400 4309 de
428 4243 548 4309 Sancta
579 4241 751 4310 Oatbarina
782 4245 979 4311 historiolam
1007 4263 1048 4309 ex
1074 4243 1155 4309 libro
1186 4242 1365 4310 Basileensi
1387 4243 1472 4311 de

234 4349 384 4433 scriptam
421 4345 561 4414 hancce:
606 4347 686 4427 Αὕτη
719 4348 752 4434 (ἤ
786 4349 857 4430 c‘yic
895 4349 1010 4434 μάρτυς
1046 4345 1208 4432 Κατερίνη)
1245 4348 1382 4434 ὑπῆρχεν
1414 4353 1446 4426 ἐξ

233 4450 452 4536 Ἀλεξανδρείας
474 4452 525 4529 τῆς
547 4450 678 4531 πόλεως,
699 4447 875 4536 βααιλίσκου
903 4452 983 4528 τινὸς
1009 4451 1146 4536 θυγάτηρ
1167 4448 1296 4530 τοῦνομα
1317 4451 1447 4532 chzov,

233 4563 363 4640 μέγεθος
393 4553 458 4634 ἅμα
488 4559 539 4618 καὶ
569 4555 678 4631 καλλος
710 4559 826 4641 ἔχουσα·
850 4556 990 4637 σώματος
1012 4557 1055 4631 εἰς
1081 4553 1171 4638 ἄκρον
1205 4554 1439 4620 {accidentiam

234 4662 337 4726 πᾶσαν
377 4656 533 4738 ἑλληνικὴν
567 4663 618 4722 καὶ
646 4659 800 4744 deputatu
833 4661 989 4740 παιδείαν,
1025 4663 1076 4723 καὶ
1108 4667 1169 4731 τοῖς
1201 4657 1278 4724 κατὰ
1309 4657 1448 4744 ἰατρικὴν

234 4763 462 4851 ριλοπονῆσασα
489 4765 717 4849 συγγράμμασι,
748 4769 799 4828 καλ
820 4765 924 4849 φωνὰς
945 4764 1181 4851 tessaracota,-
1202 4765 1324 4829 πολλῶν
1346 4767 1448 4829 trudo
