3350 5484
834 343 894 417 112

1363 513 1418 562 Peg.

231 642 235 650 .
280 617 281 622 ¹
363 583 517 658 XXXIX.
541 593 725 678 Hieronymi
742 593 782 660 de
798 595 830 659 la
844 594 986 677 Higuera
1007 595 1120 660 Votum
1137 595 1178 662 de
1194 595 1273 662 066-

256 697 382 782 stantia,
406 697 565 783 Seculina,
589 697 739 764 Liberata
761 699 896 782 aliisque
919 699 1045 786 Sanctis
1068 699 1101 764 in
1117 699 1270 786 Martyro-

253 800 372 885 loginm
395 800 570 868 referendis
651 845 1268 872 ..........
1314 809 1366 874 61.
1391 811 1432 874 62

363 915 431 980 XL.
462 915 625 997 HIguerae
648 915 784 1001 epistola
807 915 998 982 O'xamensis
1023 898 1269 1000 repraesentans

109 1065 112 1082 .
204 1109 205 1114 ἵ
252 1018 391 1104 speciem
421 1019 595 1085 litterarum
618 1019 651 1085 in
674 1039 772 1086 causa
794 1019 1013 1104 Martyrologii
1035 1019 1078 1085 ad
1101 1021 1270 1088 Baronium

253 1123 422 1188 missarum
446 1144 484 1192 ac
500 1123 663 1190 Benedicti
680 1123 771 1190 XIV.
795 1123 856 1191 huc
878 1107 1028 1209 spectans
1047 1123 1200 1207 judicium
1262 1177 1269 1192 .
1315 1131 1367 1194 62.
1391 1132 1432 1197 63

359 1235 446 1300 XLI.
484 1237 565 1302 Acta
595 1235 686 1302 Pauli
718 1242 749 1301 et
779 1235 930 1328 Theclae.
967 1234 1102 1306 Rolandi
1134 1227 1270 1304 Vinoleii

250 1339 372 1423 Belgae
399 1341 432 1406 in
460 1340 571 1406 Basilii
603 1338 818 1406 Seleuciensis
845 1337 941 1406 668.
966 1337 1085 1405 Thecla
1111 1363 1269 1410 commen-

252 1443 365 1510 tarium
389 1443 523 1530 pristino
546 1443 641 1509 nitori
663 1442 892 1510 restituendum
916 1463 1042 1510 curae.
1110 1495 1126 1522 .,
1184 1467 1225 1512 .’
1261 1497 1268 1513 .
1315 1451 1452 1517 63-*65

358 1547 458 1612 XLII.
482 1547 604 1614 Nicolai
626 1547 743 1613 Sererii
766 1547 895 1630 gemina
910 1547 951 1612 de
967 1546 1161 1629 Litaniarum
1181 1551 1268 1616 insti·
1311 1571 1313 1577 ’
1357 1623 1359 1632 Α

252 1652 372 1718 tutione
395 1657 427 1719 66
449 1651 490 1717 66
512 1651 660 1718 affectato
676 1650 805 1716 Eusebii
829 1649 934 1733 quoad
959 1650 1146 1736 Dionysium
1171 1655 1267 1720 Areo-

250 1755 393 1842 pagitam
417 1755 542 1820 silentio
566 1753 788 1840 interpellatio.
823 1752 929 1838 Opera
950 1755 1185 1841 Areopagitica.
1219 1760 1268 1825 Bx

251 1859 381 1941 antiquo
413 1857 632 1944 Martyrologii
663 1857 772 1924 eodIoe
799 1857 922 1924 Graeco
953 1859 1087 1925 loannis
1112 1861 1267 1946 Bagusini

249 1962 414 2030 historiola
440 1961 480 2028 66
508 1945 541 2030 8.
566 1961 738 2028 Gatharina
768 1961 938 2047 descripta.
982 1963 1116 2030 Ioannis
1142 1965 1267 2031 Latomi

251 2066 401 2134 derebus
424 2067 524 2150 gestis
541 2065 727 2132 Sanctorum
751 2066 943 2132 Germaniae
965 2066 1090 2134 libellus
1106 2089 1126 2134 6
1141 2068 1268 2136 866666
1308 2154 1312 2160 ¹

249 2171 291 2236 66
315 2169 483 2236 Baronium
507 2156 713 2236 transmissus
801 2219 1263 2239 .......
1308 2179 1443 2244 66-68

206 2311 214 2328 1
299 2303 301 2310 v
356 2275 474 2341 XLIII.
498 2275 636 2341 Joannis
660 2274 772 2340 Suriae
794 2275 1003 2340 Granatensis
1025 2275 1111 2360 prior
1132 2276 1269 2362 epistola

250 2377 383 2444 triadem
408 2379 561 2446 exhibens
584 2383 813 2444 momentorum
833 2379 1161 2463 ¹Illartyrologicorum.
1208 2379 1266 2445 88.

248 2484 392 2567 ignatius
415 2485 456 2548 M.
464 2534 473 2568 ‚
506 2483 661 2566 Lazarus,
696 2481 836 2546 Iacobus
869 2482 966 2550 frater
993 2481 1130 2548 Domini.
1177 2483 1267 2550 Com·

249 2596 357 2654 menta
379 2571 421 2652 err¹
442 2588 634 2653 somniorum
662 2583 797 2652 officinis
820 2583 916 2651 edita.
961 2585 1212 2654 Aristarchorum
1237 2595 1269 2654 ct

248 2691 445 2778 Pyrrhonem
466 2690 663 2756 abundanoa
725 2737 1263 2758 ........
1309 2698 1446 2763 68-70

357 2795 469 2863 XLlV.
493 2794 603 2858 Altera
626 2792 737 2859 Suriae
760 2793 898 2878 epistola
920 2793 1134 2861 coniectaneis
1158 2801 1190 2860 et
1212 2795 1265 2860 ad-

247 2897 397 2964 versariis
408 2898 534 2964 referta.
559 2897 688 2982 Septem
702 2896 843 2982 episcopi
852 2897 893 2964 ab
904 2899 1057 2984 Urbeper
1066 2897 1127 2964 88.
1139 2899 1264 2966 Petrum
1289 2972 1293 2984 ¹

248 3002 426 3070 etPaulum
451 3001 620 3086 Apostolos
638 3001 669 3066 in
684 2999 873 3086 Hispaniam
897 3001 1019 3068 directi.
1058 3001 1091 3068 S.
1109 3003 1265 3069 Eusebius
1349 3029 1351 3032 ·

248 3101 476 3177 Samosatenus
499 3103 531 3170 in
546 3105 807 3190 Martyrologium
831 3105 923 3188 quasi
944 3105 1138 3191 postliminio
1162 3127 1265 3173 rever-

247 3232 312 3280 sus.
358 3213 429 3277 Duo
451 3208 582 3275 Busebii
606 3207 833 3274 Caesarienses
856 3207 1111 3292 distinguendi.
1181 3260 1189 3276 .
1258 3259 1266 3276 .
1312 3216 1449 3282 70-72

287 3359 293 3370 «
355 3315 452 3380 XLV.
485 3313 625 3379 0666666
649 3311 682 3377 S.
706 3311 801 3378 Petri.
848 3312 985 3378 Severus
1019 3314 1264 3382 Barcinonensis
1410 3318 1413 3325 '

246 3419 328 3486 inter
341 3415 544 3503 septuaginta
557 3417 723 3502 episcopos
736 3416 845 3499 legum
855 3415 1058 3482 Gothicarum
1068 3420 1100 3484 in
1110 3419 1267 3506 Hispania

248 3523 426 3590 conditores
442 3519 656 3587 recensendus
674 3540 734 3586 nec
751 3539 820 3586 cum
839 3520 958 3587 Severo
975 3520 1134 3607 Episcopo
1146 3522 1177 3588 in
1196 3543 1263 3609 per-

247 3627 409 3694 secutione
432 3623 623 3690 Diocletiani
645 3644 742 3709 passo
766 3624 1038 3692 confundendus.
1106 3676 1113 3691 .
1181 3679 1189 3695 .
1257 3677 1265 3694 .
1312 3620 1448 3698 72-75

323 3744 325 3752 ’
356 3729 472 3796 XLVI.
503 3728 725 3812 Expostulatio
759 3727 800 3793 66
828 3727 861 3792 8.
889 3728 1064 3821 Fulgentio
1087 3729 1265 3812 Astigitano

248 3834 281 3899 S.
311 3833 424 3900 Isidori
454 3832 560 3898 fratre.
616 3831 723 3918 Opera
754 3832 816 3917 ipsi
851 3852 1019 3919 perperam
1052 3833 1203 3900 attributa
1234 3841 1265 3900 et

246 3937 406 4022 Ruspensi
428 3935 597 4018 Fulgentio
620 3935 814 4002 vindicanda
879 3986 1265 4004 ......
1311 3943 1446 4007 75-77

357 4040 487 4106 XLVII.
510 4039 608 4105 Marci
624 4039 746 4105 Velseri
762 4041 994 4125 investigandis
1009 4041 1265 4126 Augustanorum

124 4187 128 4197 ·
188 4151 195 4160 ’
247 4146 434 4213 Sanctorum
456 4142 596 4210 historiis
620 4141 717 4209 dediti
741 4144 781 4210 de
804 4145 892 4212 Actis
916 4145 974 4211 SS.
997 4145 1128 4232 Albani,
1161 4144 1263 4212 Theo-

246 4249 330 4318 nesti
352 4255 383 4314 66
406 4247 569 4314 Sociorum
592 4248 815 4334 manuscriptis
838 4248 969 4315 notitiae
1029 4298 1037 4315 .
1106 4289 1113 4316 t
1180 4298 1188 4315 .
1256 4299 1263 4316 .
1311 4255 1363 4320 77.
1388 4255 1430 4320 78

353 4349 502 4420 ΧΙΝΙΞΙ.
534 4352 668 4418 Joannis
695 4351 821 4419 Pistorii
850 4352 1103 4420 constantiensis
1126 4352 1167 4420 de
1188 4355 1262 4420 Vita

247 4461 280 4526 S.
318 4455 442 4539 Pelagii
483 4463 515 4522 66
557 4455 597 4522 66
638 4457 825 4523 anctoritate
858 4456 1078 4558 xDemocharis
1120 4456 1262 4523 animad·
1469 4525 1470 4530 ,

246 4561 410 4629 versiones
497 4606 1264 4626 ...........
1310 4563 1448 4628 78-86

354 4662 470 4728 XLIX.
494 4661 624 4746 Georgii
647 4662 826 4730 colvenerii
848 4663 1025 4730 Duaoensis
1041 4662 1082 4730 de
1098 4664 1131 4730 8.
1148 4663 1265 4730 Ursule

246 4768 340 4838 etde
363 4766 444 4834 Vitis
467 4767 595 4832 Petrum
619 4767 779 4834 sententie
801 4815 1266 4838 .......
1311 4771 1446 4837 80-82
