3350 5484
790 387 852 452 100

215 538 344 606 edixere
367 523 567 624 senteritiam,
590 539 753 608 videlicet:
777 539 995 624 ,Argumenta
1018 541 1116 608 allata
1131 564 1151 608 a
1166 543 1260 642 Patre
1283 544 1323 610 de
1338 543 1428 610 Bnch

215 642 369 710 adversus
397 642 614 725 traditionem,
648 665 730 726 quae
757 645 887 731 respicit
909 645 1045 712 Sanctus
1067 649 1226 733 Martyres
1249 647 1290 714 de
1313 649 1427 731 qulbus

214 749 332 832 agitur,
355 745 432 814 nihil
455 747 658 834 probant.“⁵)

321 1009 338 1078 ¹)
357 1009 412 1064 cfr.
430 1010 466 1063 hl.
483 1009 517 1063 R.
536 1007 582 1076 dd.
602 1010 643 1063 16.
661 1009 718 1065 Jul.
736 1009 779 1064 29.
798 1009 911 1065 Octobr.

320 1098 341 1164 ²)
361 1095 435 1151 Acta
459 1094 588 1154 Sanctae
613 1095 701 1153 Sedis
722 1097 750 1150 in
771 1097 969 1166 compendium
992 1102 1152 1167 opportune
1180 1099 1299 1154 redacta
1317 1104 1346 1154 et
1363 1099 1426 1153 illu·

213 1188 304 1239 sueta
322 1182 416 1238 studio
435 1187 464 1237 et
481 1198 551 1236 cura
569 1179 653 1236 Petri
670 1179 824 1237 acumini.
851 1183 916 1238 Vol.
934 1183 984 1238 Vl.
1011 1185 1119 1239 Romae
1139 1186 1215 1240 1870.
1233 1203 1261 1255 p.
1279 1187 1313 1241 83
1331 1202 1373 1256 sq.

301 1270 340 1345 ¹³)
358 1269 415 1324 Gir.
432 1268 463 1323 F.
481 1269 517 1323 X.
535 1267 648 1337 Kreas,
666 1269 758 1323 Roma
775 1268 960 1324 Sotterranea
978 1288 1005 1340 p.
1023 1271 1075 1325 455
1093 1287 1135 1340 sq.

318 1357 338 1424 ⁴)
357 1355 413 1410 Cir.
432 1355 634 1426 Compendjum
660 1354 727 1410 lacti
746 1361 775 1410 et
792 1357 970 1427 Disceptatio
995 1359 1146 1428 synoptica
1167 1358 1196 1412 in
1213 1359 1278 1412 Act
1297 1357 1325 1416 S.
1344 1359 1425 1414 Sedis

212 1443 262 1514 VI,
280 1444 314 1498 cv
333 1459 374 1512 sq.
1053 1499 1055 1504 .

316 1530 338 1600 ⁶)
356 1531 426 1586 Inde
444 1531 545 1590 Petrus
563 1527 712 1586 Avantici
728 1530 814 1599 (Acta
832 1530 859 1586 S.
879 1531 943 1586 Sed.
962 1531 1012 1600 VI,
1031 1532 1076 1598 81)
1100 1529 1177 1584 haud
1195 1530 1334 1587 immerito
1352 1531 1425 1589 haec

212 1617 373 1688 colligenda
391 1633 454 1672 esso
472 1621 582 1672 censet:

287 1768 289 1778 ἵ
316 1706 339 1760 Ι.
357 1703 516 1780 Historicas
534 1705 717 1760 ecclesiarum
735 1703 903 1758 traditiones
921 1703 1027 1758 cultum
1045 1703 1213 1759 Sanctorum
1231 1706 1426 1778 respicientes,

210 1793 330 1848 maxime
348 1792 371 1846 si
390 1791 487 1861 aliqua
503 1791 700 1861 recognitione
712 1790 741 1846 S.
753 1790 835 1845 Sedis
852 1791 992 1848 admissae
1011 1790 1123 1861 luerint,
1135 1791 1247 1866 ¹frustra
1264 1793 1425 1864 impugnari

211 1879 311 1934 autin
335 1877 541 1934 dubitationem
568 1878 673 1932 adduci
696 1894 747 1947 per
769 1877 916 1948 generlcas
943 1878 1122 1934 coniecturas
1143 1894 1179 1934 ex
1197 1878 1425 1950 archaeologicis

211 1965 454 2036 disquisitionibus
473 1965 619 2020 deductas.

314 2052 351 2107 ΙΙ.
378 2052 575 2122 Praesumptio
603 2051 676 2130 enim
703 2049 885 2119 genuinitatis
914 2051 1022 2106 veteris
1051 2051 1213 2106 traditionis
1240 2057 1298 2106 tam
1324 2051 1424 2106 valida

209 2141 270 2195 iure
291 2139 448 2208 meritoque
475 2137 627 2192 existimari
651 2137 751 2206 debet,
778 2140 810 2190 ut
828 2136 977 2204 destructa
997 2153 1053 2191 uon
1078 2143 1239 2210 censeatur,
1266 2138 1320 2192 uisi
1338 2153 1423 2208 argu·

209 2230 304 2280 menta
321 2225 477 2280 afferantur
495 2239 615 2293 quorum
632 2224 678 2280 vis
696 2222 832 2278 declinari
849 2239 906 2276 non
924 2223 1022 2292 possit

313 2304 365 2366 III.
389 2310 491 2380 Immo,
514 2309 626 2380 legibus
643 2309 752 2379 logices
770 2309 1012 2380 praelucentibus,
1036 2325 1127 2380 neque
1146 2311 1337 2380 peremptoria
1355 2327 1422 2366 cou-

208 2398 298 2454 traria
316 2401 484 2467 argumenta
507 2396 653 2451 destruere
676 2400 792 2464 possent
810 2411 920 2450 omnem
937 2397 1122 2467 impugnatae
1147 2397 1309 2452 traditionis
1327 2402 1422 2451 exten·

209 2485 316 2540 sionem
335 2488 364 2540 et
381 2483 607 2552 amplitudinem
634 2483 684 2536 sed
702 2487 810 2536 tantum
831 2483 991 2552 destruere,
1018 2487 1154 2552 quantum
1172 2483 1275 2538 falsum
1293 2487 1343 2538 aut
1361 2499 1422 2537 cor-

207 2571 356 2641 rigendum
375 2585 436 2624 esse
456 2569 646 2625 ostenderent.
1138 2588 1142 2596 ·
1296 2579 1302 2594 ’

312 2656 361 2712 IV.
389 2657 422 2710 In
443 2653 604 2711 huiusmodi
632 2656 704 2712 enim
732 2656 837 2712 criticis
864 2655 1107 2725 disquisitionibus
1134 2657 1251 2728 eaedem
1278 2656 1422 2726 sapientes

208 2744 287 2814 leges
304 2745 404 2799 valere
423 2743 560 2798 dicendae
579 2746 659 2812 sunt,
685 2758 757 2813 quas
774 2743 802 2796 iu
819 2742 947 2796 iuridicis
965 2742 1210 2812 disquisitionibus
1228 2743 1264 2798 de
1282 2743 1421 2798 honorum

207 2832 365 2901 iuriumque
385 2829 566 2901 possessione
589 2829 735 2884 Romanae
758 2829 837 2898 leges
854 2828 1047 2900 tradideruut3
1079 2845 1114 2884 ex
1132 2829 1235 2898 quibus
1253 2829 1422 2899 principium

207 2918 363 2974 derivavit:
383 2917 497 2983 ,melior
515 2920 559 2972 est
577 2917 702 2971 conditio
721 2917 917 2986 possidentis.“

310 3004 345 3060 V.
364 3003 457 3069 Quare
475 3002 503 3056 in
521 3002 645 3057 themate
662 3017 754 3072 neque
772 3019 845 3073 opus
867 3002 968 3057 fuisset
986 3017 1039 3070 pro
1057 3001 1233 3071 genuinitate
1257 3001 1420 3058 traditionis

207 3089 438 3162 Bergomensium
456 3093 612 3159 martyrum
629 3104 707 3143 nova
725 3093 892 3159 argumenta
911 3086 1090 3158 conquirere3
1121 3087 1172 3142 sed
1191 3088 1260 3143 satis
1278 3098 1421 3159 superque

206 3178 307 3234 luisset
332 3178 500 3246 argumenta
527 3175 661 3244 opposita
688 3175 831 3230 declinare
852 3175 900 3230 vel
923 3190 975 3244 per
993 3177 1146 3246 simplicem
1173 3178 1354 3248 negationem
1372 3179 1419 3233 vel

206 3279 258 3334 per
275 3262 440 3333 probabiles
457 3259 638 3330 hypotheses.

310 3347 359 3404 Vl.
386 3347 474 3401 Immo
501 3351 669 3416 argumenta
697 3351 797 3402 contra
822 3347 984 3404 traditionis
1011 3349 1214 3420 genuiuitatem
1240 3351 1269 3407 iu
1296 3351 1421 3408 themate

206 3436 308 3506 allata,
334 3434 388 3488 rite
413 3447 550 3502 expensa,
578 3449 748 3504 quamquam
772 3435 882 3490 erudite
907 3437 1050 3507 exposita,
1076 3437 1150 3492 adeo
1169 3438 1246 3493 levia
1263 3439 1328 3494 visa
1346 3443 1420 3510 sunt,

205 3526 237 3577 ut
255 3536 346 3590 neque
364 3518 570 3590 hypothesibus
589 3535 662 3589 opus
680 3525 767 3592 esset,
789 3525 821 3576 ut
840 3521 1023 3578 diluerentur.

757 3910 872 3994 LXI.

306 4181 344 4249 ln
377 4180 483 4248 Causa
520 4180 742 4266 Bergomensi,
780 4202 874 4266 quam
908 4183 1165 4272 perstrinximus,
1206 4188 1415 4275 proponenda

203 4285 415 4372 significatum
439 4305 564 4370 quoque
587 4289 636 4352 est
659 4284 692 4352 S.
715 4287 753 4352 R.
777 4286 1042 4374 congregationi,
1077 4290 1278 4359 anonnullis
1301 4294 1416 4360 aetatis

201 4397 329 4458 nostrae
356 4389 487 4457 eruditis
515 4389 753 4457 ecclesiasticas
785 4388 936 4457 historiae
959 4398 1013 4458 aut
1035 4413 1148 4461 sacrae
1171 4393 1416 4480 archaeologiac

202 4495 373 4562 cultoribus
395 4492 437 4559 ad
460 4492 691 4560 coniiciendum
715 4499 747 4560 et
769 4493 976 4562 divinandum
998 4496 1240 4583 proclivioribus
1263 4500 1416 4566 nonnulla

201 4597 266 4663 alia
295 4595 430 4664 fidenter
460 4596 554 4663 nimis
584 4598 746 4682 nimiaque
777 4597 930 4667 facilitate
962 4620 1036 4668 esse
1063 4600 1163 4686 edita,
1198 4621 1280 4684 quac
1302 4599 1415 4672 adver·

200 4706 310 4767 santur
336 4699 494 4767 historicis
525 4700 747 4769 traditionibus
769 4701 803 4768 in
825 4703 968 4771 Romano
994 4703 1223 4791 Martyrologio
1250 4704 1414 4794 admissis,

200 4801 285 4887 quod
308 4809 432 4872 constat
454 4811 607 4889 quantum
622 4805 664 4872 ad
680 4805 758 4873 illud
781 4812 873 4874 caute
896 4807 1132 4876 emendandum
1153 4807 1415 4879 adlaboraverint
