3350 5484
830 334 872 398 28

243 479 356 535 nimium
374 479 453 551 felix,
481 481 528 550 qui
544 483 669 536 omnium
693 484 850 540 studiorum
873 485 933 539 eius
951 486 1045 554 potuit
1069 501 1243 553 cognoscere
1262 486 1346 540 dieta.
1382 486 1460 540 Ilde-

243 567 342 622 tonsus
360 569 467 638 etipse
487 570 522 624 de
540 569 593 624 vir.
611 570 712 625 illustr.
732 587 794 640 cap.
812 572 851 626 2:
879 572 971 626 Tanto
991 572 1102 641 (inquit)
1121 571 1310 640 pergratiam
1336 572 1460 641 Spiritus

242 654 338 709 Sancti
358 655 493 710 scientiae
511 656 614 710 lumine
632 656 787 727 praeditae,
805 661 910 712 utnon
928 659 1013 712 modo
1031 659 1072 711 illi
1090 659 1281 726 praesentium
1298 662 1459 727 temporum

242 741 391 812 quispiam,
421 742 471 796 sed
489 759 524 797 ne
542 743 570 796 in
588 742 749 812 praeteritis
767 743 879 812 quidem
897 761 951 813 par
968 743 1054 799 fuerit
1070 759 1201 812 unquam.
1237 745 1282 799 Ita
1301 745 1374 800 enim
1391 762 1459 799 cun-

243 830 352 882 ctorum
378 829 542 883 meritorum
570 829 673 883 claruit
699 829 873 898 perfectione
896 831 1038 901 sublimis,
1063 835 1095 885 ut
1114 831 1235 887 exclusis
1254 834 1376 888 omnium
1393 833 1459 886 illu-

243 915 342 968 strium
363 914 490 969 virorum
515 915 789 984 comparationibus,
816 916 884 970 nihil
902 917 942 970 illi
961 917 1049 972 simile
1068 917 1275 974 demonstraret
1293 919 1457 989 antiquitas.

242 999 319 1056 Vicit
342 1001 414 1055 enim
436 1001 586 1055 sanctitate
604 1001 772 1071 Antonium,
802 1002 964 1071 eloquentia
982 1003 1169 1074 Cyprianum‚
1199 1006 1339 1076 sapientia
1359 1005 1457 1075 Augu·
1553 1056 1554 1059 ,

243 1087 345 1140 stinum
373 1091 426 1142 ctc.
445 1087 544 1143 'Certe
571 1087 703 1142 Julianus
725 1088 754 1140 in
777 1087 821 1142 his
849 1101 923 1156 quae
951 1086 1064 1141 disserit
1085 1086 1114 1148 in
1137 1090 1216 1144 libris
1242 1093 1457 1161 prognosticon,

243 1172 455 1242 cdialogorum
479 1173 507 1229 S.
533 1174 664 1243 Gregorii
691 1173 770 1228 libris
797 1173 988 1228 testimonium
1015 1173 1093 1242 petit.
1138 1177 1266 1247 Itemque
1293 1183 1456 1234 sanctorum

242 1259 359 1314 Patrum
383 1265 540 1314 conventus
559 1276 594 1316 ex
610 1261 709 1315 iisdem
737 1261 859 1330 dialogis
885 1259 1006 1314 mutuati
1031 1265 1096 1314 sunt
1119 1261 1331 1332 auctoritatem,
1358 1280 1393 1318 ex
1410 1264 1456 1318 iis·

242 1345 363 1414 demque
389 1345 491 1400 citatas
517 1346 651 1401 historias
674 1347 863 1415 descripsere,
888 1345 967 1399 utin
986 1345 1111 1400 Concilio
1135 1347 1310 1403 Triburiensi
1333 1365 1395 1420 cap.
1414 1352 1455 1406 17.

242 1430 291 1486 ubi
308 1431 446 1486 recitatur
463 1433 619 1487 mirandum
636 1432 707 1488 illud
724 1432 886 1502 prodigium
904 1432 940 1486 de
957 1431 1110 1487 Valentino
1134 1433 1271 1488 ecelesiae
1290 1434 1455 1506 Defenmre,

243 1517 278 1572 de
301 1534 357 1587 quo
382 1518 409 1574 S.
428 1517 584 1589 Gregorius
609 1518 669 1588 agit
693 1517 741 1572 lib.
759 1517 785 1572 4.
808 1519 913 1588 dialog.
933 1534 956 1573 e.
975 1518 1017 1572 53.
1033 1519 1123 1592 ¹quod
1145 1534 1215 1588 prae
1240 1521 1361 1576 caeteris
1382 1521 1455 1578 forte

241 1601 400 1658 Aristarchi
426 1605 468 1658 tui
495 1610 689 1661 commentumv
708 1621 770 1660 esse
797 1605 961 1661 censebunt.
996 1605 1159 1660 Hadrianus
1181 1607 1262 1674 Papa
1282 1607 1311 1660 in
1335 1607 1457 1676 epistola

243 1704 327 1758 quam
352 1691 465 1760 scripsit
486 1692 524 1747 ad
543 1693 675 1748 Carolum
698 1694 846 1763 Magnum,
872 1707 929 1746 non
948 1692 1034 1746 semel
1059 1692 1174 1748 cosdem
1192 1691 1220 1746 S.
1239 1691 1370 1761 Gregorii
1388 1693 1457 1748 citat

243 1777 382 1846 dialogos.
424 1779 528 1834 Iisdem
555 1779 677 1849 dialogis
703 1783 735 1834 ut
760 1779 943 1834 validissimis
973 1779 1058 1834 armis
1088 1795 1155 1832 usus
1182 1782 1225 1852 θεῖ
1252 1779 1337 1833 ctiam
1366 1779 1457 1834 Jonas

241 1861 453 1918 Aurelianensis
483 1863 521 1918 ad
550 1864 724 1920 confutanda
758 1869 927 1936 portentosa
961 1870 1088 1920 monstra
1119 1864 1231 1918 Claudii
1265 1865 1455 1922 Taurinensis.

243 1950 347 2015 Quanti
365 1950 430 2005 illos
448 1949 547 2006 fecerit
565 1949 717 2006 Zacharias
734 1952 829 2022 Papa,
856 1951 927 2006 haec
945 1951 1034 2006 habes
1052 1967 1070 2004 a
1087 1951 1199 2005 Joanne
1216 1951 1346 2006 Diacono
1365 1952 1413 2006 lib.
1430 1952 1456 2006 4.

242 2053 266 2091 c.
277 2037 318 2091 75.
344 2038 405 2092 Hos
422 2037 512 2092 libros
530 2038 641 2107 (inquit)
661 2037 822 2108 Zacharias,
841 2042 957 2094 sanctae
974 2037 1120 2092 Ecclesiae
1132 2039 1278 2094 Romanae
1296 2039 1457 2110 episcopus,

242 2123 353 2178 Graeco
372 2123 530 2193 Latinoque
549 2140 679 2179 sermone
698 2124 890 2194 doctissimus,
912 2123 1088 2193 temporibus
1108 2124 1285 2180 Constantini
1303 2126 1372 2194 Imp.
1391 2130 1458 2194 post

242 2225 332 2264 annos
361 2209 422 2266 fere
448 2216 559 2264 centnm
586 2210 894 2280 septuagintaquinque
912 2210 940 2264 in
959 2210 1098 2266 Graecam
1125 2213 1251 2282 linguam
1277 2218 1455 2280 convertens,

242 2296 433 2352 Orientalibus
451 2298 578 2352 ecclesiis
596 2296 766 2366 divulgavit.
794 2296 873 2350 Haec
891 2295 1026 2352 Joannes.
1057 2297 1159 2363 Quanti
1177 2303 1273 2353 autem
1291 2315 1341 2354 eos
1354 2299 1456 2354 Graeci

242 2382 429 2453 aestimarint,
457 2400 492 2438 ex
509 2383 553 2438 his
571 2387 654 2453 potes
671 2383 843 2453 intelligere,
870 2383 936 2438 dum
955 2383 1124 2454 Gregorium
1142 2385 1276 2456 citantes,
1303 2386 1456 2456 Dialogum

243 2469 405 2538 appellant.¹
433 2469 507 2535 Quid
519 2471 556 2525 ad
568 2469 647 2540 haec,
665 2469 711 2524 vir
729 2470 843 2539 optime,
860 2471 995 2540 numquid
1012 2469 1056 2525 his
1075 2471 1205 2526 omnibns
1224 2473 1457 2543 caecutientibus,

242 2557 273 2608 tu
292 2555 369 2609 solus
387 2557 488 2612 vides?
516 2573 550 2612 ac
569 2557 688 2611 caeteris
707 2557 932 2628 dormitantibus,
949 2562 981 2612 tu
1000 2557 1077 2612 solus
1094 2557 1219 2628 vigilas?
1246 2559 1297 2613 sed
1315 2560 1352 2613 ad
1372 2575 1456 2628 qnam

214 2689 218 2694 .
242 2641 406 2713 lucernam?
427 2643 539 2712 tuipse
556 2643 667 2713 prodis;
695 2645 761 2698 dum
780 2645 880 2700 eodem
899 2644 1024 2714 capitulo
1042 2643 1114 2698 haee
1133 2645 1168 2698 de
1186 2645 1335 2700 Ludovieo
1354 2644 1455 2699 Vives:
1493 2707 1494 2711 ,

242 2727 403 2792 Justissima
421 2734 465 2785 est
482 2729 597 2799 (inquis)
614 2729 754 2784 Ludoviei
773 2730 890 2799 querela
907 2731 942 2785 de
960 2729 1085 2784 historiis
1104 2731 1274 2799 quibusdam
1286 2732 1315 2784 in
1327 2729 1456 2786 Ecclesia

243 2815 378 2872 confectis
397 2821 450 2872 etc.
485 2806 564 2872 Haec
581 2821 612 2870 tu
631 2817 667 2871 de
685 2815 749 2886 illo,
777 2817 857 2870 euius
880 2816 1053 2886 scriptiones
1068 2816 1145 2886 quali
1166 2817 1339 2887 indiguerint
1359 2832 1457 2885 scopa,

242 2895 340 2957 notum
358 2907 401 2958 est
419 2903 556 2957 omnibus.
593 2901 650 2957 Sed
668 2903 736 2972 qnid
753 2903 782 2956 in
799 2903 843 2957 his
861 2903 1016 2958 immoror?
1056 2901 1129 2967 Quid
1147 2903 1189 2957 de.
1201 2903 1323 2972 dialogis
1342 2902 1370 2957 S.
1389 2902 1456 2956 Gre-

243 2990 316 3060 gorii
335 2990 371 3044 sit
388 2989 572 3060 sentiendum,
591 3005 653 3044 cum
670 2993 764 3044 tecum
783 3005 848 3059 ago,
866 3005 924 3042 non
937 2988 1054 3043 alterius
1073 3005 1157 3058 quam
1174 2989 1217 3042 tui
1234 2989 1323 3057 ipsius
1342 2989 1456 3058 appello

243 3077 385 3132 iudicium.
421 3077 454 3131 In
472 3077 643 3148 memoriam,
662 3092 778 3147 quaeso,
796 3091 912 3146 revoca,
931 3076 999 3145 quid
1018 3076 1053 3130 de
1070 3075 1114 3130 his
1132 3091 1223 3145 nuper
1241 3075 1371 3146 senseris,
1389 3074 1457 3144 quid

242 3165 304 3234 ipse
321 3179 413 3233 nuper
431 3163 593 3232 scripseris:
613 3164 734 3232 teipsum
753 3163 825 3217 enim
844 3163 881 3218 ad
898 3167 949 3216 tua
967 3162 1073 3232 scripta
1090 3163 1192 3218 iterum
1210 3176 1348 3231 provoco.
1377 3160 1455 3214 Haec

242 3240 405 3306 animante
427 3254 550 3318 quatuor
579 3249 699 3320 paginas
730 3249 830 3304 codem
862 3249 1001 3319 capitulo,
1039 3265 1095 3318 qno
1123 3249 1159 3303 de
1185 3252 1265 3303 recta
1291 3247 1457 3302 scribendae

242 3336 378 3392 historiae
401 3337 512 3391 ratione
536 3336 678 3407 disputas,
705 3337 800 3407 posita
824 3336 925 3391 habes:
952 3337 1046 3390 Prima
1065 3337 1112 3391 lex
1130 3335 1243 3405 (inquis)
1263 3350 1298 3389 ex
1315 3333 1457 3388 hominurn

242 3423 385 3493 probitate
412 3423 631 3494 integritateque
658 3427 790 3478 sumetur.
828 3423 907 3488 Quae
935 3423 1047 3478 omnino
1073 3438 1119 3476 res
1146 3422 1240 3476 locum
1265 3421 1367 3490 habet,
1395 3437 1457 3475 cum

242 3525 316 3579 quae
343 3513 460 3564 narrant
486 3501 626 3578 historici,
654 3510 759 3564 cavel
782 3511 836 3580 ipsi
860 3509 1019 3565 sevidisse
1044 3511 1198 3577 testantur,
1225 3508 1273 3563 vel
1292 3507 1329 3562 ab
1347 3507 1391 3561 his
1410 3507 1457 3576 qui

242 3596 384 3666 viderunt,
404 3595 556 3664 accepisse.
593 3595 694 3660 Qualia
713 3601 778 3650 sunt
795 3597 932 3666 pleraque
951 3596 979 3649 in
998 3595 1131 3670 epistolis·
1143 3594 1295 3664 Ambrosii,
1314 3592 1457 3663 Cypriani,

241 3683 414 3753 Hieronymi,
432 3682 595 3752 Augustini,
612 3683 641 3736 in
659 3683 738 3737 libris
758 3698 872 3752 quoque
890 3683 926 3737 de
945 3681 1067 3736 Civitate
1085 3683 1146 3752 Dei,
1164 3682 1193 3735 in
1212 3679 1375 3760 dialogis-S.
1389 3679 1457 3732 Gre-

242 3769 326 3839 gorii,
345 3769 472 3824 breviter
483 3769 512 3822 in
526 3768 654 3823 omnibus
667 3769 727 3824 fere
739 3770 895 3824 Doctorum
908 3768 1047 3822 ecclcsiae
1059 3768 1321 3836 probatissimorum
1333 3767 1457 3836 scriptis:

241 3857 270 3910 in
293 3855 396 3925 quibus
420 3855 597 3909 mendacium
620 3855 771 3926 suspicari,
801 3857 878 3925 quod
904 3856 942 3916 ad
959 3855 1121 3910 memoriam
1146 3853 1345 3922 sempiternam
1367 3857 1456 3908 trans-

241 3941 317 3996 ferre
334 3941 375 3995 illi
394 3941 543 3996 scribendo
566 3941 723 4012 voluerint,
746 3942 888 4012 piaculum
907 3946 957 3996 cst
993 3942 1103 4010 Magnis
1123 3941 1228 4008 quippe
1246 3939 1456 4009 praeclarisque

242 4027 396 4082 virtutibus
414 4027 469 4082 viri
488 4027 657 4082 sanctissimi
676 4032 763 4098 atque
782 4029 880 4098 optimi
899 4029 928 4082 id
948 4027 1083 4096 consequi
1100 4029 1271 4095 meruerunt,
1289 4025 1361 4091 utin
1373 4026 1456 4080 rebus

241 4114 410 4182 huiusmodi,
430 4129 501 4182 quas
518 4113 566 4167 vel
584 4119 729 4183 spectasse
749 4132 787 4186 se,
805 4116 853 4170 vel
872 4115 908 4169 ab
923 4115 985 4168 aliis
1004 4113 1060 4168 fide
1079 4112 1172 4182 dignis
1191 4112 1238 4181 qui
1258 4113 1456 4182 spectaverint,

242 4217 273 4255 se
291 4199 436 4255 audivisse
459 4201 555 4254 testati
575 4205 653 4271 sunt,
681 4201 753 4256 fides
771 4202 883 4256 omnino
902 4201 957 4254 illis
976 4199 1154 4255 adhibeatur.
1189 4200 1268 4254 Haec
1286 4204 1318 4252 tu
1336 4199 1456 4276 quidem,
1549 4207 1552 4211 ’
1651 4217 1652 4220 ’

243 4304 305 4342 cum
324 4288 417 4342 statim
434 4287 462 4341 in
480 4288 629 4343 Erasmum
648 4292 677 4342 et
693 4288 726 4354 in
740 4278 812 4342 alios
830 4287 1003 4342 recentiores
1025 4285 1180 4356 inveheris,
1207 4285 1255 4354 qui
1274 4285 1360 4340 stulte
1377 4286 1456 4339 nimis

242 4391 260 4429 a
282 4374 437 4444 praedietis
464 4374 654 4430 desciverunt.
690 4375 740 4428 His
765 4378 841 4429 certe
863 4373 932 4428 nihil
960 4373 1091 4444 gravius,
1117 4373 1185 4428 nihil
1213 4371 1364 4442 eruditius,
1390 4372 1456 4426 nihil

242 4461 363 4530 denique
381 4460 529 4516 Catholico
547 4460 659 4515 homine
677 4460 790 4530 dignius
809 4461 864 4514 dici
882 4461 983 4530 potuit.
1019 4459 1076 4515 Sed
1095 4475 1169 4528 quae
1187 4461 1268 4514 tanta
1279 4457 1308 4510 in
1320 4473 1351 4512 re
1368 4461 1457 4528 tanta,

241 4547 352 4602 tantula
369 4549 505 4618 temporis
522 4563 610 4616 mora,
627 4546 657 4599 in
674 4549 755 4601 tanto
774 4546 885 4602 homine
903 4547 1113 4601 inconstantia?
1141 4546 1209 4616 quid
1227 4544 1319 4598 dicam
1337 4544 1456 4614 amplius

241 4649 298 4687 non
315 4633 423 4705 habc03
441 4633 495 4686 nisi
514 4632 592 4700 quod
609 4632 659 4688 illa
677 4633 774 4702 priora
792 4634 889 4698 divino
908 4633 1025 4688 afflatus
1044 4632 1153 4702 spiritu,
1170 4631 1292 4686 veritate
1313 4631 1456 4708 suadente,

243 4719 393 4794 scripsisti,
419 4719 581 4792 posteriora
604 4723 699 4774 autem
723 4719 785 4791 ipsc
808 4723 858 4774 tuo
877 4735 961 4774 sensu
985 4721 1103 4774 conatus
1122 4733 1167 4788 es,
1195 4733 1251 4788 quo
1271 4716 1319 4786 qui
1338 4715 1458 4787 ducitur,
