3350 5484
817 393 858 456 87

132 600 135 606 .
230 549 486 616 canonizatorum
520 548 714 614 adderentur
744 553 776 612 et
807 551 913 612 textus
943 523 988 611 ad
1018 545 1114 612 fidem
1148 545 1301 612 historiae
1334 566 1440 613 ernen-

229 651 369 737 daretnr,
404 651 666 718 Bartholomaeus
698 649 862 715 (laventus
890 670 929 716 ex
957 649 1213 732 Congregatione
1247 649 1439 717 Olericorum

228 755 432 838 Regularium
450 757 483 821 S.
499 755 591 820 Pauli
613 753 705 820 testis
728 753 832 820 estin
856 774 914 820 suo
929 753 1095 820 Thesauro
1119 753 1288 820 Sacrorum
1311 755 1439 820 Rituum

229 861 321 925 Tom.
349 861 391 924 ΙΙ.
426 860 510 926 Sect.
537 861 573 926 V.
608 857 685 942 Cap.
716 859 767 922 21.
802 880 833 924 n.
864 858 918 941 7¹)
952 857 1118 941 inquiens:
1156 857 1354 943 „Recognita
1383 857 1442 923 fuit

230 983 337 1028 rursus
360 963 482 1030 Urbani
505 961 593 1029 VllI.
616 963 719 1044 iussu,
754 960 872 1028 additis
896 962 1084 1028 Sanctorum
1108 961 1227 1046 Festis,
1264 962 1318 1044 qui
1340 983 1442 1048 nuper
1550 997 1554 1010 ·

231 1066 410 1132 canonizati
432 1073 519 1150 suut,
558 1066 643 1132 etin
667 1066 768 1150 primo
795 1066 865 1133 loco
897 1066 1009 1151 positis
1032 1067 1087 1152 iis,
1122 1067 1236 1151 quibus
1260 1066 1368 1133 datum
1392 1075 1442 1134 est

231 1169 368 1237 officium
391 1170 433 1237 de'
454 1179 640 1256 praecepto:
671 1177 737 1235 tum
759 1190 835 1236 vero
859 1169 1046 1236 emendatus
1068 1171 1128 1236 fuit
1149 1177 1254 1237 textus
1278 1171 1385 1237 multis
1408 1172 1441 1237 in

230 1275 308 1340 locis
339 1275 428 1341 iuxta
457 1274 623 1341 veritatem
655 1273 852 1339 certissimae
884 1272 1049 1360 historiae,
1083 1295 1134 1342 me
1158 1295 1283 1360 quoque
1311 1275 1440 1342 minimo

230 1379 369 1446 omnium
403 1379 603 1462 dollegarum
635 1384 819 1464 praesente;
857 1383 889 1444 et
910 1378 1014 1445 minus
1042 1388 1129 1446 certa
1159 1379 1285 1446 iuterim
1313 1380 1441 1448 commi-

230 1483 329 1549 simus
353 1484 487 1570 tempori
510 1480 711 1550 decernenda
732 1481 899 1568 maturius,
931 1481 1016 1565 quod
1038 1484 1219 1568 intelligant
1241 1484 1277 1568 ii,
1310 1505 1440 1571 quaeso,

230 1587 284 1670 qui
314 1589 520 1654 mutationem
558 1593 709 1672 optavere
746 1581 898 1652 maiorem
930 1586 970 1650 in·
997 1587 1067 1672 ipso
1100 1587 1221 1655 textu.“
1276 1587 1440 1656 Gavantus

230 1691 356 1774 quidem
384 1692 495 1758 ratioet
517 1691 646 1758 nomina
673 1689 867 1774 collegarum
890 1709 960 1756 cum
982 1691 1054 1776 ipso
1077 1691 1120 1758 ad
1143 1691 1440 1776 recognoscendum

228 1795 488 1882 Martyrologium
517 1795 754 1880 deputatorum3
792 1796 942 1876 quoniam
969 1802 1077 1862 tamen
1106 1794 1220 1862 eodem
1243 1801 1387 1882 tempore
1409 1801 1442 1862 et

229 1919 269 1964 ex
291 1900 442 1966 mandato
474 1899 616 1966 eiusdem
645 1898 767 1964 Summi
788 1897 950 1965 Pontificis
973 1905 1038 1966 tarn
1060 1898 1322 1984 Martyrologium
1345 1919 1440 1982 quam

230 1989 427 2069 Breviarium
449 2003 625 2069 Romanurn
648 2002 938 2085 recognoscebatur
959 2023 1019 2069 nec
1035 2023 1157 2088 paucae
1179 2023 1231 2070 res
1255 2003 1347 2069 alteri
1370 2023 1441 2070 cum

229 2106 330 2172 altera
351 2106 568 2190 recognitione
590 2105 840 2190 intercedebant,
863 2125 938 2172 vero
954 2107 1101 2192 proxima
1121 2107 1249 2175 videtur
1271 2127 1344 2174 esse
1367 2128 1440 2174 cou-

228 2211 362 2296 iectura,
396 2210 447 2276 cui
476 2215 644 2296 praeterea
677 2209 803 2276 codices
834 2209 1007 2294 Angelicus
1036 2217 1068 2277 et
1089 2211 1337 2277 Barberinianus
1366 2231 1441 2276 mox

227 2315 425 2382 memorandi
456 2315 685 2398 suffragantur,
720 2313 842 2379 scilicet
873 2311 959 2396 quod
987 2313 1014 2380 si
1036 2335 1100 2380 uon
1128 2335 1240 2382 omnes
1272 2314 1333 2381 viri
1358 2314 1440 2400 peri-

227 2418 367 2504 tissimi,
403 2439 482 2502 quos
526 2418 569 2484 ad
605 2415 852 2484 examinandum
889 2436 928 2481 ac
963 2413 1193 2486 restituendum
1242 2419 1439 2486 Breviarium

228 2522 376 2589 Urbanus
398 2525 484 2589 Vlll.
512 2521 680 2606 delegerit,
716 2516 829 2587 saltem
857 2519 965 2605 plnres
989 2522 1091 2590 exiis
1114 2545 1228 2590 munus
1257 2525 1352 2592 simul
1374 2545 1440 2591 cor-

228 2627 352 2710 rigendi
379 2625 600 2713 Martyrologii
620 2619 837 2708 susceperint.
882 2623 1118 2693 Reformatores
1150 2634 1256 2694 autem
1284 2627 1439 2695 Breviarii

227 2752 284 2817 per
306 2733 427 2818 Papam
450 2732 579 2816 adsciti,
612 2727 783 2796 dummodo
807 2729 973 2812 catalogus
995 2729 1142 2818 Mereor)
1165 2731 1208 2798 sit
1230 2731 1439 2817 authenticus,

227 2835 352 2901 fuerunt
382 2836 415 2901 hi
432 2835 637 2912 decemviri:
673 2833 825 2918 Aloysius
858 2831 1030 2898 caietanus
1062 2833 1095 2900 S.
1123 2836 1160 2901 R.
1188 2836 1226 2901 E.
1262 2835 1441 2902 Cardinalis

228 2940 378 3022 Praeses3
401 2937 570 3022 Tegrimus
586 2937 766 3025 Tegrimius
789 2936 958 3022 episcopus
973 2937 1165 3006 Assisiensis
1181 2939 1300 3007 Sacrae
1314 2940 1441 3006 Rituum

228 3042 495 3126 congregationis
518 3042 729 3126 Secretarius3
767 3042 960 3108 Fortunatus
984 3041 1144 3109 Soacchus
1167 3043 1279 3129 Apost.
1303 3043 1441 3112 Sacrarii

151 3217 152 3222 ,
226 3147 461 3233 Praefectus3³l
483 3147 634 3214 Nicolaus
657 3145 832 3212 Ricoardus
857 3145 889 3212 S.
912 3146 1028 3230 Palatii
1050 3145 1205 3230 Magister
1227 3154 1259 3214 ct
1281 3148 1315 3217 S.
1338 3149 1375 3214 R.
1401 3148 1436 3217 O.

229 3251 409 3332 Consult0r3
447 3250 659 3336 Hieronymus
692 3251 834 3317 Lannius
866 3251 1030 3334 utriusque
1064 3250 1257 3334 Signaturae
1291 3253 1441 3320 Referen-

228 3355 350 3440 darius3
388 3355 532 3422 Hilariou
568 3357 730 3421 Raucatus
766 3353 1017 3422 Mediolanensis
1054 3354 1165 3423 Abbas
1197 3356 1231 3425 S.
1265 3357 1374 3424 crucis
1408 3357 1441 3423 iu

226 3461 427 3528 Hierusalem
460 3461 494 3526 S.
527 3459 671 3543 inquisit.
707 3457 875 3524 Consultor
909 3468 941 3526 et
974 3458 1173 3542 qualificator
1206 3466 1238 3528 et
1274 3461 1307 3527 S.
1336 3462 1373 3527 R.
1403 3461 1439 3528 Ο.

228 3564 415 3648 Consultor3
452 3565 592 3630 Iacobus
615 3563 791 3650 Vuiponius
815 3563 932 3646 Oongr.
956 3562 1094 3630 Oratorii
1117 3563 1151 3629 S.
1174 3563 1315 3651 Philippi
1337 3565 1440 3650 Nerii3

226 3669 489 3735 Bartholomaeus
514 3668 679 3735 (laventus
703 3667 737 3732 S.
765 3668 802 3733 R.
829 3666 863 3732 0.
888 3665 1071 3750 Oonsultor3
1106 3667 1275 3736 Terentius
1298 3669 1441 3736 Aloiatus

227 3772 476 3854 Mediolanensis
500 3771 616 3838 Societ.
640 3773 719 3840 Jesu
742 3772 834 3838 SR.
856 3771 891 3838 0.
916 3770 1099 3855 Consultor3
1133 3772 1238 3839 Lucas
1262 3773 1440 3857 Wadingus

228 3875 357 3942 Ordinis
388 3877 545 3944 Minorum
576 3876 767 3962 Historicus,
802 3875 835 3942 S.
861 3873 965 3942 Officii
989 3873 1186 3958 qualificator
1209 3881 1241 3942 et
1263 3876 1297 3944 S.
1321 3875 1451 3969 Gongr.

227 3981 346 4048 Indicis
368 3981 546 4056 Librorum.

335 4228 353 4295 ¹)
372 4226 416 4281 ed.
434 4221 542 4280 Marci.
561 4223 661 4280 Venet.
681 4223 757 4278 1749.
775 4239 803 4293 p.
822 4222 880 4277 160.

334 4315 354 4383 ²)
373 4314 474 4370 Novae
497 4312 718 4370 Observationes
737 4315 765 4366 et
782 4309 951 4364 Additiones
974 4308 1013 4364 ad
1037 4303 1171 4364 Gooaati
1194 4306 1440 4365 Commentariun.

227 4403 271 4458 ed.
289 4401 360 4458 Ven.
380 4401 417 4470 II,
436 4400 477 4454 17.

333 4486 353 4556 ³)
370 4486 423 4540 Hic
446 4483 562 4540 Urbano
585 4483 664 4539 VIII.
688 4499 760 4553 opus
783 4499 864 4537 suurn
886 4482 1063 4552 nuncupavit
1084 4481 1249 4551 inscriptum
1278 4482 1336 4549 „De
1359 4481 1441 4538 Notis

228 4578 256 4630 et
278 4573 372 4644 Signis
396 4571 554 4626 sanctitatis
578 4569 835 4626 Beatiiicandorum
859 4571 888 4622 ct
910 4567 1199 4622 Canoniuandorum“.
1235 4567 1267 4621 In
1293 4584 1327 4622 eo
1347 4571 1441 4623 autem

227 4661 319 4730 Opere
345 4676 401 4714 non
426 4659 517 4712 solum
543 4657 605 4712 fuse
632 4657 726 4726 agitur
751 4655 786 4710 de
811 4654 967 4710 Sanctitate
984 4655 1013 4708 in
1031 4669 1148 4724 genere,
1173 4669 1272 4733 verum
1298 4654 1382 4709 etiam
1405 4653 1440 4708 de

226 4747 386 4803 Virtutibus
412 4749 471 4799 tum
497 4743 665 4814 theologicis
691 4731 751 4797 turn¹
773 4741 964 4796 cardinalibus
989 4756 1063 4818 quae
1087 4740 1125 4794 ad
1149 4740 1270 4810 gradum
1293 4739 1438 4794 heroicum

226 4836 431 4905 pervenerunt:
458 4829 737 4902 praeterquamquod
763 4843 798 4884 ex
821 4829 919 4899 ipsius·
937 4828 1031 4898 operis
1058 4831 1225 4898 argumento
1247 4842 1282 4882 ac
1300 4825 1439 4882 divisione
