3350 5484
787 297 828 360 26

200 448 350 503 Praemisit
375 452 475 502 auctor
499 447 635 518 synopsin
660 463 756 502 eorum
781 447 901 516 quaein
919 445 1125 516 Martyrolcgio
1147 445 1229 500 aliter
1254 460 1284 498 se
1307 443 1413 498 hahent

201 551 236 587 ac
258 534 286 586 in
307 533 470 603 Breviario,
500 538 583 587 notas
609 533 758 602 plurimum
786 533 942 602 desumpsit
965 549 1000 586 ex
1023 530 1273 586 continuatoribus
1300 530 1413 584 Bollan-

201 620 307 689 dianis,
337 620 441 674 adiecit
461 621 489 674 in
515 619 593 674 calce
620 619 826 689 Martyrologia
854 619 987 673 Ordinum
1011 619 1059 674 SS.
1078 619 1237 687 Benedicti,
1266 617 1415 686 Dominici,

202 706 354 776 Francisei,
371 705 524 776 Augustini
541 710 570 760 et
588 706 717 760 Carmeli.

308 793 328 860 ²)
347 793 383 846 Di
401 793 492 847 Roma
510 793 530 847 li
548 793 583 847 28
601 792 629 846 di
648 792 761 863 Giugno
781 795 856 850 1583.
894 789 1120 866 Mentissam,
1142 793 1178 868 ll.
1197 793 1221 847 8.
1240 809 1267 866 p.
1285 791 1344 849 357.

764 1202 860 1284 XX.

309 1489 411 1574 Igitur
434 1513 491 1556 sex
514 1493 578 1557 iam
606 1493 769 1562 mensibus
797 1474 968 1576 antequam
996 1490 1255 1576 Martyrologium
1285 1487 1415 1554 authen-

204 1592 301 1658 ticum
333 1615 353 1658 a
384 1593 573 1662 decemviris
608 1596 769 1664 redactum
808 1597 841 1662 in
873 1617 963 1662 usum
998 1596 1123 1661 transiit
1156 1592 1417 1675 ecclesiasticum,

205 1697 393 1763 Guilielmus
427 1699 607 1766 Cardinalis
639 1702 774 1767 Sirletus
803 1702 973 1767 Caesarem
1004 1699 1179 1766 Baronium
1211 1697 1354 1762 incitavit
1377 1695 1418 1760 ad

205 1803 481 1868 commentandum
508 1810 628 1869 textum
658 1812 830 1872 correctum
856 1805 952 1872 etad
975 1801 1155 1868 exarandus
1186 1800 1417 1885 annotationes,

205 1905 319 1987 quibus
362 1906 442 1989 ratio
485 1907 681 1990 singularum
719 1888 822 1976 reru⁰m
861 1909 893 1973 in
930 1907 1158 1992 Martyrologio
1201 1911 1416 1971 contentarum

205 2007 393 2075 redderetur
414 2031 452 2076 ac
475 2013 679 2094 quaestiones
702 2015 734 2080 in
750 2011 1053 2096 congregationibus
1076 2031 1172 2096 super
1193 2009 1419 2075 reformatione

205 2114 424 2198 Martyrologii
449 2115 565 2182 habitis
589 2119 748 2182 excitatae
771 2123 803 2181 et
818 2116 1021 2182 difficultates
1044 2115 1151 2181 multis
1174 2112 1419 2179 obscuritatibus

205 2218 367 2284 involutae
398 2218 641 2304 explicarentur.
669 2223 753 2288 -Nec
778 2221 883 2286 minus
914 2220 1119 2286 vehementer
1151 2216 1308 2284 eiusmodi
1333 2217 1418 2282 lucu-

188 2320 383 2386 brationem
416 2322 603 2391 Oardinales
635 2325 726 2390 Felix
758 2325 902 2390 Perettus
930 2331 962 2391 et
988 2323 1145 2389 Antonius
1177 2322 1305 2388 Oaraffa
1337 2342 1419 2386 com·-

206 2424 396 2490 mendarunt
412 2425 500 2491 etad
524 2448 603 2512 opus
626 2428 863 2514 suscipiendum
885 2427 1175 2516 perficiendumque
1197 2424 1313 2491 hortati
1336 2430 1419 2490 sunt.

206 2527 300 2594 Unde
328 2529 484 2596 Batonius
515 2519 581 2598 non¹
607 2533 762 2599 dubitavit
792 2532 944 2618 parandis
968 2539 1000 2598 et
1021 2530 1198 2598 scribendis
1227 2549 1309 2613 quae
1337 2528 1420 2594 desi-

209 2633 404 2698 derabantur
430 2633 559 2700 scholiis
586 2655 714 2700 manum
743 2636 900 2702 admoliri.
946 2637 1029 2702 Ante
1052 2637 1159 2702 omnia
1181 2640 1288 2701 autem
1311 2652 1419 2699 neces·

207 2739 325 2803 sarium
358 2737 461 2821 duxit,
496 2759 565 2805 cum
594 2740 820 2824 Martyrologio
851 2734 996 2806 restituto
1029 2761 1085 2806 seu
1114 2738 1312 2824 Gregcriano
1339 2737 1420 2802 Mar·

207 2841 368 2925 tyrologia
398 2843 520 2929 Bedac,
537 2843 560 2929 ¹)
598 2844 720 2910 Adonis
753 2851 785 2910 et
816 2845 968 2930 Usuardi,
1007 2844 1166 2910 Basilicae
1196 2842 1420 2925 Vaticanae,⁹)

208 2946 307 3011 Vetus
331 2947 506 3013 Romanum
530 2949 562 3014 S.
588 2948 713 3035 Cyriaci
736 2947 768 3013 in
792 2943 952 3035 Thermis,
980 2949 1193 3030 Menologium
1218 2943 1421 3030 Graecum,³)

210 3050 367 3116 editiones
389 3051 579 3137 Maurolyci,
612 3035 768 3118 Galesiuii
791 3053 859 3129 alh,
892 3050 1073 3117 additiones
1095 3049 1215 3116 Molani
1238 3049 1280 3116 ad
1302 3050 1420 3116 Usuar-

122 3177 125 3184 ·
208 3153 297 3238 dum,
320 3175 444 3221 necnon
467 3157 631 3240 antiquum
654 3157 916 3242 Martyrologium
940 3156 1115 3222 Casinense
1138 3163 1171 3220 et
1192 3153 1420 3220 Kalendarium

209 3257 366 3324 ecclcsiae
388 3258 614 3347 Ambianensis
637 3281 675 3326 ac
698 3262 730 3326 S.
756 3261 903 3343 Gregorii
927 3261 1080 3342 Dialogus
1102 3258 1317 3325 aMelchicris
1342 3257 1421 3324 Cani

211 3383 346 3428 censura
381 3363 560 3430 vindicatos
571 3364 599 3450 ⁴)
641 3372 788 3430 accurate
826 3371 857 3430 et
893 3366 1078 3450 plerumque
1116 3362 1221 3428 denuo
1259 3362 1421 3445 conferre,

205 3486 273 3550 qua
296 3466 423 3549 quidem
448 3488 488 3533 ex
512 3469 683 3535 collatione
713 3472 829 3535 iterata
855 3469 1026 3534 nonnullae
1053 3489 1122 3533 cum
1146 3485 1304 3532 consensu
1327 3472 1422 3547 atque

206 3570 397 3636 auctoritate
421 3573 543 3637 Summi
565 3572 727 3641 Pontificis
751 3578 954 3640 accesserunt
976 3559 1202 3656 Martyroiogio
1226 3569 1257 3634 d.
1283 3572 1331 3634 14.
1348 3570 1421 3635 Jan.

213 3677 296 3740 1584
317 3676 519 3760 promulgato
548 3675 798 3743 emendationes.
835 3677 960 3741 -Verum
984 3683 1017 3740 ut
1040 3676 1116 3758 quid
1139 3680 1304 3759 praestare
1326 3662 1421 3738 Baro·

209 3777 281 3843 nius
296 3778 329 3843 in
345 3781 411 3845 suis
426 3779 649 3846 Notationibus
672 3778 867 3845 adornandis
891 3779 1055 3864 studuerit,
1080 3801 1143 3862 qua
1162 3799 1221 3863 par
1236 3783 1286 3842 est
1300 3776 1422 3841 ratione

211 3889 308 3964 queat
337 3883 522 3968 diiudicari,
561 3904 734 3967 congruum
767 3883 843 3950 mihi
876 3905 948 3949 esse
979 3884 1104 3950 videtur
1138 3883 1233 3948 etiam
1267 3881 1421 3964 reliquum

210 3993 413 4072 apparatum,
448 4008 542 4071 quem
569 3987 716 4054 diuturno
747 3988 856 4053 labore
889 3987 1097 4070 conquisitum
1122 3992 1154 4052 et
1176 4005 1345 4052 excussum
1367 3983 1423 4049 ad·

210 4089 320 4174 hibuit,
344 4091 560 4176 perstringere
583 4099 615 4158 et
637 4093 678 4158 in=
692 4094 780 4158 brevi
804 4100 976 4177 conspectu
999 4111 1128 4176 ponere.
1386 4090 1387 4094 ’

321 4372 340 4440 ¹)
370 4372 414 4428 De
448 4371 655 4442 Martyrclogio
688 4369 790 4426 Budua
827 4368 958 4422 versibus
995 4367 1165 4424 hexametris
1204 4365 1360 4437 composito
1396 4368 1425 4418 et

212 4475 264 4529 per
294 4454 477 4512 Dacheriam
508 4460 618 4530 integre
650 4459 770 4528 vulgato
807 4457 914 4524 (Bedae
941 4455 1011 4524 Opp.
1039 4455 1082 4509 ed.
1109 4451 1212 4525 Meque
1234 4453 1268 4507 V.
1293 4454 1344 4506 603
1363 4453 1424 4522 sq.),

213 4546 293 4599 cuius
328 4543 515 4614 fragmentum
550 4543 705 4600 Batonius
741 4544 822 4613 citat,
860 4541 909 4596 ubi
940 4542 968 4596 in
997 4557 1061 4597 ann.
1089 4541 1126 4595 ad
1157 4540 1215 4594 Cal.
1248 4540 1359 4609 Septbr.
1389 4539 1424 4594 de

213 4631 241 4686 S.
259 4631 371 4701 Regulo
399 4632 536 4702 loquitur,
565 4629 641 4684 haud
668 4629 803 4700 ignorans
829 4627 1040 4701 Ephcmer‘idec
1058 4630 1158 4686 Reduc
1184 4631 1301 4685 alterius
1327 4633 1424 4684 aucto·

127 4712 129 4716 ’
213 4719 252 4782 ris
279 4735 355 4790 esse,
393 4735 411 4774 a
438 4718 559 4774 Melone
588 4716 697 4772 scilieet
727 4717 755 4770 in
788 4717 878 4800 prima
902 4717 1025 4772 Usuardi
1061 4719 1183 4788 editione
1222 4714 1425 4780 Waadelherto
