3350 5484
780 322 842 386 114

205 558 290 626 haud
305 561 538 647 insuperabiles
554 562 660 645 quoad
676 561 848 628 Clementis
861 561 1070 628 Alexandrini
1084 584 1199 629 nomen

205 687 227 731 a
247 665 483 732 correctoribus
506 666 565 732 sub
581 665 737 750 Gregorio
751 666 841 732 Xlll.
864 673 1055 752 expunctum
1070 667 1103 732 in
1117 668 1198 733 Mar·

202 770 394 855 tyrolcgium
416 771 594 835 Romanum
616 769 844 836 restituendum
890 819 1199 839 .....
1319 812 1363 821 -

312 873 381 939 LX.
405 874 540 941 Victoris
551 874 592 942 dc
601 875 692 941 Buck
703 876 954 942 Commentarius
966 874 1006 941 de
1016 874 1049 940 S.
1059 875 1200 942 Eusebia

176 964 179 974 ’
204 977 443 1061 virginemne
465 985 499 1043 ut
520 987 659 1065 martyre
681 981 831 1063 Bergomi
851 979 885 1044 in
901 979 1006 1045 Italia.
1038 979 1199 1046 Collectae

205 1101 226 1146 a
251 1081 345 1146 Petro
377 1083 498 1148 Aloisio
521 1083 686 1170 Speranza
707 1084 865 1168 Episcopo
892 1077 1101 1166 Bergomerisi
1124 1083 1200 1149 scri-

204 1191 317 1270 pturae
337 1185 378 1250 ad
401 1186 599 1270 probandam
621 1187 851 1270 genui-nitatem
878 1186 1057 1254 traditionis
1080 1188 1199 1272 Bergo—
1330 1191 1335 1202 ’

205 1287 336 1354 matium
358 1287 504 1356 idoneae.
546 1291 675 1374 Negotii
697 1310 833 1356 examen
855 1293 1081 1375 susceptnm'a
1104 1290 1137 1358 S.
1160 1292 1198 1358 R.

207 1391 464 1475 Congregationc
490 1387 532 1459 ab
559 1392 735 1478 eademque
757 1394 790 1458 in
813 1413 912 1460 causa
936 1395 1147 1480 Bergomensi
1169 1395 1200 1460 d.

205 1499 257 1563 20.
280 1495 417 1579 Augusti
440 1499 523 1564 1870
544 1497 611 1563 lata
632 1497 792 1563 sententia
814 1547 1201 1566 ......

314 1600 398 1667 LXI.
428 1599 553 1667 Causae
577 1601 802 1684 Bergcmeusis
824 1603 993 1668 occasione
1019 1593 1199 1688 promulga·

205 1709 271 1769 tum
293 1703 383 1770 iussu
397 1704 446 1770 Pii
460 1705 517 1772 IX.
530 1704 685 1779 ‚Calendis
709 1705 904 1791 Septembris
922 1706 1006 1771 1870
1031 1707 1198 1772 Decretum

206 1807 365 1874 Generalc
400 1829 458 1894 pro
495 1809 666 1876 cultoribus
702 1809 853 1876 historiae
895 1797 1132 1876 ecclesiasticae
1169 1817 1201 1874 ct

207 1932 318 1978 sacrae
353 1911 598 1996 archaeologiae
633 1913 803 1997 agentibus
835 1912 876 1979 de
907 1913 1047 1998 Sanctis,
1082 1915 1135 1997 qui
1167 1915 1199 1978 in

206 2016 412 2102 possessione
445 2023 519 2083 sunt
549 2016 667 2102 publici
700 2017 802 2084 cultus
833 2038 853 2082 a
885 2017 1004 2084 Sancta
1034 2017 1119 2084 Sede
1151 2038 1198 2084 re·

209 2121 338 2204 cognita
360 2127 393 2186 et
414 2119 592 2207 adprobata
667 2170 1203 2190 ........
1251 2125 1322 2189 100.
1342 2125 1419 2188 ·101

314 2224 418 2292 LXII.
440 2226 522 2291 Prae
537 2225 637 2294 oeulis
651 2225 870 2292 habendarum
884 2226 945 2292 hac
961 2225 1050 2292 dere
1068 2227 1200 2292 aBene

85 2384 91 2396 .
173 2338 178 2348 '
208 2327 293 2396 dictu
315 2327 438 2394 XIV.
428 2349 462 2393 un
483 2329 618 2396 Litteris·
639 2329 680 2396 de
706 2350 791 2396 nova
813 2309 1034 2415 Martyrulogii
1066 2329 1200 2396 Romani

208 2431 349 2517 editione
371 2453 409 2500 ac
431 2433 464 2498 in
491 2432 596 2518 Opere
622 2433 663 2499 dc
686 2435 855 2498 Servorum
877 2433 940 2499 Dci
961 2431 1199 2501 Beatificatioue

206 2543 238 2602 ct
252 2536 501 2604 Oanonizatiune
523 2535 711 2603 traditarum
731 2537 912 2620 regularum
934 2535 1088 2620 analysis.
1133 2537 1201 2602 Nec

142 2706 144 2711 .
206 2641 393 2729 Apostolica
412 2641 514 2709 Sedes
541 2642 750 2708 inconcussae
770 2661 843 2708 esse
859 2647 891 2707 et
906 2641 1102 2708 certissimae
1122 2641 1202 2706 veri-

207 2744 283 2812 tatis
316 2765 524 2829 quaecunque
555 2747 589 2811 iu
621 2745 882 2832 Martyrologium
918 2746 1093 2810 Romanum
1128 2750 1202 2808 sunt

206 2849 327 2916 inserta
348 2849 479 2934 iudicat,
503 2869 563 2916 uec
585 2851 756 2934 confugere
778 2848 821 2916 ad
844 2849 994 2914 Sanctum
1017 2847 1150 2932 Scdcm,
1174 2849 1202 2914 si

207 2974 310 3022 novae
332 2953 535 3020 correctionis
562 2952 770 3018 fundamenta
793 2959 977 3038 suppetunt,
1011 2951 1201 3038 prohibitum

207 3064 257 3124 est
272 3056 347 3124 viris
363 3057 396 3122 in
412 3057 629 3124 ecclesiastica
651 3055 784 3122 historia
804 3055 924 3141 peritis,
948 3056 1002 3138 qui
1016 3045 1202 3142 inexplebili

208 3160 374 3227 dubitandi
401 3161 565 3247 prurigine
591 3160 747 3226 immunes
775 3160 818 3246 ad
847 3147 1206 3260 sobrietatems‘apiunt
1253 3163 1420 3228 101-107
