3350 5484
765 864 927 986 unxi.
1037 853 1045 869 ‘

340 1163 413 1228 Una
444 1183 514 1228 oum
556 1158 673 1224 tabulis
704 1156 943 1223 Ravennatibus
975 1153 1041 1218 iam
1071 1150 1105 1216 in
1135 1146 1277 1214 editione
1309 1149 1452 1232 principe

236 1265 456 1352 Martyrologii
480 1261 716 1330 commentariis
739 1258 887 1324 illustrati
911 1255 1065 1322 Batonius
1089 1273 1152 1318 non
1175 1251 1275 1316 semel
1298 1249 1452 1316 citaverat

236 1369 423 1456 Hieronymi
455 1368 496 1433 de
527 1365 646 1431 Rubeis
677 1363 878 1429 historiarum
910 1363 1129 1436 Ravennatum
1161 1356 1260 1420 libros
1293 1353 1450 1434 undecim,

237 1493 341 1556 neque
364 1479 471 1536 tamen
495 1489 606 1534 omnes
629 1467 770 1536 eiusdem
795 1466 970 1534 sententias
992 1464 1193 1548 probaverat.
1226 1461 1309 1526 Hinc
1323 1456 1450 1540 quidem

240 1575 459 1644 contentiones
481 1575 564 1640 inter
585 1579 752 1655 ntr'umque
774 1571 957 1657 scriptorem
983 1587 1055 1633 esse
1077 1567 1214 1648 obortas,
1239 1562 1298 1629 sed
1319 1561 1450 1626 livorem

237 1681 289 1746 vel
315 1680 561 1746 aemulationem
591 1676 731 1758 aliquam
755 1675 854 1760 inde,
892 1681 926 1739 nt
956 1671 1089 1753 assolet,
1124 1688 1187 1734 non
1219 1665 1450 1748 intercessisse,

237 1790 336 1851 testes
360 1790 433 1849 sunt
455 1780 640 1866 Hieronymi
664 1779 704 1845 de
727 1779 845 1845 Rubeis
868 1776 911 1842 ad
934 1776 1104 1842 Caesarem
1129 1770 1300 1838 Barcnium
1326 1768 1451 1834 litterae

237 1889 296 1955 sub
319 1886 413 1952 tinem
437 1907 466 1951 a.
493 1890 575 1954 1587
607 1886 806 1970 exaratae,¹)
840 1881 1010 1966 inquibus
1042 1877 1148 1963 capita
1178 1883 1383 1942 controversa
1405 1873 1452 1938 sic

237 1993 423 2057 innuuntur:
458 1992 514 2076 „In
538 1997 585 2055 tre
608 2009 682 2055 oose
705 1988 777 2053 Hlla
799 1987 924 2053 disente
947 1986 989 2052 da
1011 2002 1077 2059 me:
1113 1980 1190 2064 cioe,
1214 1978 1301 2044 nella
1322 1977 1397 2043 Vita
1418 1975 1451 2042 di

237 2097 271 2162 S.
296 2096 426 2181 Severo,
459 2097 492 2160 in
514 2093 620 2160 Vitale
648 2091 870 2176 Aroivesoovo,
901 2092 959 2158 che
982 2092 1079 2158 abbia
1107 2091 1254 2158 edificato
1281 2089 1313 2156 la
1335 2088 1453 2155 Chiesa

237 2201 270 2266 di
294 2201 394 2265 Santo
417 2195 556 2279 Andrea,
580 2197 660 2262 ch'io
683 2196 808 2262 ascrivo
830 2216 852 2260 a
867 2195 900 2260 S.
917 2195 1023 2261 Pietro
1048 2196 1245 2279 Chrisologo,
1274 2201 1307 2261 et
1328 2193 1451 2260 ultima-

236 2311 341 2370 mente
364 2303 398 2366 in
421 2299 579 2366 Ciovanni
601 2299 823 2380 Arciveseovo,
847 2319 868 2363 a
890 2299 939 2364 cui
963 2300 1065 2368 scrive
1089 2300 1219 2367 Gelasio
1240 2300 1362 2385 Papa.“
1400 2295 1451 2362 Ad
1547 2337 1550 2342 ,

238 2410 271 2474 S.
296 2408 449 2473 Severum
459 2406 485 2490 ¹²)
516 2404 601 2486 quod
628 2404 755 2487 attinet,
787 2404 1000 2487 Hieronymus
1023 2403 1064 2471 de
1086 2405 1205 2471 Rubeis
1233 2425 1304 2470 eum
1332 2409 1451 2487 tempo-

172 2530 175 2533 ’
235 2513 322 2578 ribus
345 2507 508 2574 Aureliani
532 2507 745 2592 imperatoris,
769 2528 863 2590 quum
880 2507 980 2573 Caius
1002 2509 1150 2587 Pontifex
1171 2509 1336 2573 Romanae
1358 2523 1451 2592 prae·

238 2620 324 2681 esset
353 2612 522 2694 ecclesiae,
558 2617 697 2677 creatum
726 2612 909 2697 episcopum
933 2614 1152 2679 Ravennatem
1174 2601 1359 2678 Marcellino
1383 2629 1452 2676 suc-

237 2717 376 2784 cessisse
413 2714 542 2798 asserit,
592 2725 691 2799 negat
727 2715 883 2782 Batonius
930 2735 1047 2799 urgens
1091 2715 1252 2801 inprimis,
1298 2716 1451 2782 Severum

235 2823 453 2887 Ravennatem
476 2818 705 2902 subscripsisse
727 2819 861 2885 concilio
885 2818 1108 2905 Sardicensi,³)
1131 2820 1164 2886 in
1179 2822 1325 2886 Romana
1345 2824 1451 2884 autem

236 2924 360 3011 synodo
383 2926 442 2990 sub
457 2923 551 2990 lulio
575 2930 649 2988 ante
676 2923 844 2988 concilium
868 2923 1061 2990 Sardicense
1092 2924 1253 2991 celebrata
1279 2922 1452 3008 Agapitum
1536 2925 1541 2936 '
1661 2949 1662 2958 ¹

234 3032 453 3099 Ravennatem
476 3027 650 3093 antistitem
673 3025 867 3095 interfuisse.
903 3026 1106 3094 Obiectiones
1129 3027 1260 3094 Baronii
1274 3047 1338 3093 non
1353 3025 1452 3092 firmis

211 3134 410 3199 -rationibus
433 3132 524 3197 diluit
547 3131 760 3215 Hieronymus
784 3129 825 3197 de
847 3132 976 3216 Rubeis,
1000 3131 1058 3198 sed
1080 3132 1123 3198 ad
1146 3132 1344 3211 coniecturas
1367 3129 1452 3196 baud

235 3238 417 3323 probabiles
451 3233 605 3317 confugit,
640 3239 705 3299 tam
729 3232 810 3300 duos
832 3235 989 3320 Agapitos
1013 3256 1108 3318 quam
1132 3234 1314 3301 Concilium
1332 3235 1452 3300 Romae

237 3361 347 3407 mense
383 3337 562 3424 Septembri
594 3358 623 3404 a.
657 3340 720 3404 348
757 3337 898 3404 habitum
936 3338 1071 3423 fingens.
1125 3341 1224 3406 Porro
1260 3337 1451 3422 erectionem

237 3445 389 3510 basilicae
422 3444 455 3508 S.
483 3440 631 3506 Andreae
659 3462 680 3506 a
707 3442 817 3507 Rubeo
849 3463 1017 3528 perperam
1050 3443 1083 3508 S.
1117 3445 1211 3508 Petro
1244 3441 1452 3528 Chrysologo,

236 3571 256 3614 a
278 3547 450 3632 Baroni04)
482 3547 550 3611 iure
573 3545 669 3610 Vitali
702 3545 853 3630 episcopo
883 3545 1061 3617 Ravennati
1087 3545 1229 3629 attribui,
1266 3565 1306 3610 ex
1329 3544 1452 3611 duobus

201 3687 203 3692 =
236 3650 521 3738 epigrammatibus
544 3647 695 3715 Venantii
717 3649 924 3737 For·tunati,⁶)
947 3649 989 3715 ad
1012 3669 1095 3733 quae
1118 3649 1214 3716 etiam
1237 3649 1335 3715 editio
1359 3649 1452 3714 Plan·

236 3757 359 3822 tiniana
393 3777 466 3840 pag.
504 3757 566 3820 188
601 3754 747 3835 recurrit,
785 3752 855 3818 luce
891 3753 1006 3820 clarius
1044 3761 1187 3839 apparet.
1241 3753 1390 3837 Denique
1419 3753 1453 3820 in

235 3860 463 3946 Martyrologio
494 3859 639 3924 Romano
675 3855 780 3943 pridie
811 3856 887 3923 Idus
918 3855 1069 3924 ianuarii
1105 3857 1159 3940 qui
1191 3864 1454 3924 commemoratur

237 3967 270 4030 S.
293 3965 435 4031 Joannes
463 3963 633 4048 episcopus
656 3967 688 4027 et
710 3961 874 4027 confessor
905 3963 1089 4047 Ravennae,
1124 3961 1245 4028 Neonis
1277 3981 1452 4047 successor,

236 4069 278 4135 ad
311 4089 403 4151 quern
437 4067 514 4132 data
545 4066 683 4133 Consule
720 4066 874 4132 Severino
902 4067 923 4132 i.
952 4086 980 4132 e.
1008 4087 1037 4132 a.
1066 4067 1129 4131 482
1161 4071 1267 4132 exstat
1297 4065 1452 4152 Simplicii

236 4175 344 4258 Papae
376 4172 558 4258 epistola,⁶)
591 4169 727 4238 eundern
750 4170 792 4235 ad
815 4176 961 4254 tempora
988 4189 1089 4253 usque
1112 4170 1234 4237 Gelasii
1267 4170 1454 4254 pervenisse

236 4277 392 4342 Baronius
416 4297 455 4341 ex
480 4275 601 4342 Celasii
628 4277 737 4360 Papae
769 4274 906 4359 epistola
932 4273 974 4340 ad
998 4276 1168 4360 episcopos
1200 4295 1257 4361 per
1279 4273 1453 4340 Lucaniam

236 4387 268 4446 et
289 4379 370 4445 alios
394 4400 451 4463 per
474 4379 618 4444 diversas
650 4377 830 4464 provincias
863 4378 1050 4445 constitutos
1081 4379 1209 4446 Asterio
1233 4386 1264 4444 et
1285 4377 1453 4445 Praesidio

237 4483 427 4550 Consulibus
459 4504 489 4548 a.
523 4485 562 4548 D.
594 4485 659 4550 494
691 4482 810 4566 scripta
844 4503 913 4566 cap.
950 4482 1003 4568 1⁷)
1037 4490 1122 4550 recte
1155 4483 1262 4567 arguit
1296 4483 1454 4566 simulque
1523 4526 1526 4530 -

235 4588 400 4671 redarguit
430 4587 530 4653 Rubei
562 4588 759 4672 opinionem,
793 4587 878 4668 quod
900 4594 976 4653 ante
999 4587 1121 4654 Celasii
1153 4587 1345 4654 creationem
1372 4607 1453 4653 mor·

235 4699 307 4757 tuus
332 4692 394 4756 iam
417 4689 512 4755 fuerit
533 4690 689 4757 Joannes.
729 4689 834 4768 Quare
858 4711 921 4756 non
944 4695 1049 4775 potest
1063 4691 1193 4758 Rubens
1216 4690 1292 4774 quin
1316 4691 1453 4757 fateatur

237 4797 270 4862 in
303 4796 416 4861 litteris
448 4816 528 4878 quas
564 4815 661 4880 supra
696 4794 925 4878 allegavimus:
968 4797 1024 4876 „ln
1055 4803 1167 4880 questo
1202 4795 1311 4862 ultimo
1348 4796 1450 4862 siamo
