3350 5484
833 362 874 428 32

241 509 287 594 (S.
313 507 430 578 Severi
445 511 555 580 Presb.
576 519 612 592 et
635 511 725 580 Ocni.
764 513 876 581 Octob.
904 516 961 600 1),
1001 516 1200 599 Urgellensis
1230 519 1279 606 (8.
1303 522 1455 588 Hermen-

239 614 349 697 gandii
372 617 478 702 Episo.
512 619 744 704 ravenna),
777 617 991 686 Vercellensis
1015 621 1062 705 (8.
1080 621 1209 688 Eusebii
1233 625 1339 710 Epise.
1363 627 1454 692 Mart.

238 719 374 812 August.
400 725 448 806 1.-;
461 721 488 806 ⁷)
523 723 556 789 8.
580 721 751 789 Aemiliani
774 721 880 808 Episc.
917 721 1079 808 Septemb.
1105 728 1184 812 11),
1218 729 1414 803 Veronensis
1426 731 1454 816 ⁸)

238 821 287 903 (8.
299 823 394 889 Probi
406 825 512 911 Episc.
536 828 665 892 ianuar.
680 830 746 910 12.;
771 826 803 891 S.
815 825 985 893 Gaudentii
999 829 1105 914 Fpisc.
1119 837 1151 896 et
1164 831 1253 897 (loni.
1277 834 1371 899 Febr.
1386 838 1453 916 123

239 924 273 990 S.
290 925 435 1011 Lapicini
452 931 558 1014 Fpiso.
582 931 657 997 Maii
671 920 742 1016 3'1.;
768 932 801 997 S.
818 931 941 996 Salvini
957 933 1064 1017 Episc.
1090 934 1200 1000 Octob.
1220 939 1289 1018 12.;
1322 938 1355 1004 S.
1373 938 1454 1003 Sim-

237 1028 324 1115 plicii
349 1019 517 1116 opacet
544 1034 634 1100 Conf.
672 1037 826 1103 Novemb.
850 1034 932 1122 20),
970 1037 1150 1104 Verulanae
1178 1039 1251 1127 (88.
1280 1043 1453 1128 Martyrum

162 1191 176 1204 ,
237 1133 339 1199 Blasii
372 1141 404 1200 et
435 1137 600 1208 Demetrii.
645 1141 800 1207 Novemb.
834 1140 922 1227 29),
968 1141 1159 1209 Viennensis
1193 1144 1243 1232 (8.
1276 1146 1453 1212 Zachariae

236 1237 344 1322 Episc.
366 1240 458 1306 Mart.
496 1242 572 1308 Maii
594 1243 677 1331 26),
695 1334 697 1338 .
714 1243 946 1312 Virodnnensis
978 1244 1027 1332 (S.
1050 1245 1153 1312 Mauri
1175 1247 1281 1334 Episo.
1306 1256 1338 1316 et
1361 1249 1450 1316 conr.

236 1342 391 1408 Novemb.
414 1344 471 1431 8.).

344 1585 362 1653 ¹)
389 1585 516 1656 Antiqua
542 1591 722 1642 monumenta
749 1588 888 1644 ecclcsiae
914 1589 1065 1658 Aquinatis
1091 1591 1216 1646 Baronio
1245 1595 1451 1650 communicata

235 1670 349 1726 fuerunt
367 1688 385 1726 a
402 1673 540 1728 Flaminio
560 1672 744 1731 Pbiloaardo
763 1675 823 1729 eius
842 1675 917 1730 sedis
936 1677 1079 1746 episcopo.

341 1757 362 1827 ²)
389 1759 530 1816 Baronius
557 1761 598 1815 uti
624 1761 719 1830 potuit
744 1765 801 1816 tam
830 1763 985 1818 emendatis
1011 1780 1063 1833 per
1090 1765 1250 1821 Gabrielem
1281 1765 1450 1823 Peleottum

236 1843 319 1900 Gard.
332 1843 585 1916 Archiepiseopum
602 1847 790 1904 Bononiensis
809 1849 946 1904 ecclesiae
965 1850 1070 1905 tabulis
1087 1853 1213 1921 pristinis
1232 1870 1316 1923 quam
1330 1851 1450 1926 Siponc'i

236 1934 438 1988 commentario
456 1934 658 2004 manuscripto.
1306 2005 1308 2010 ι

341 2017 362 2088 ³)
379 2019 429 2075 ubi
451 2019 629 2075 Pontificium
653 2022 779 2091 diploma
803 2023 838 2078 de
863 2023 1077 2078 canonizatione
1095 2021 1123 2078 8.
1142 2021 1296 2081 Benaonis
1311 2041 1449 2081 asserva-

233 2109 293 2159 tum
310 2105 419 2161 invenit
441 2107 594 2179 Batonius,
624 2109 670 2163 eui
688 2125 740 2164 nec
761 2110 927 2180 Hieronymi
950 2105 1071 2165 Emseri
1094 2125 1146 2164 neo
1164 2110 1285 2166 Joannis
1309 2107 1450 2168 Oeoblaei

234 2191 269 2246 dc
288 2192 376 2261 gestis
395 2192 520 2248 eiusdem
538 2209 560 2248 s.
579 2194 706 2264 episcopi
725 2196 832 2265 scripta
850 2200 932 2251 erant
950 2196 1057 2266 ignota.

339 2279 360 2346 ⁴)
386 2279 514 2335 Tabulae
544 2281 769 2336 Mediolanenses
799 2297 889 2352 nuper
919 2282 1066 2351 diligentia
1091 2281 1147 2337 viri
1175 2284 1278 2338 eruditi
1310 2279 1450 2341 Galesiui

233 2364 390 2425 restitutae.
426 2365 510 2434 (Ann.
528 2381 554 2421 a.
572 2368 596 2422 8.
614 2367 761 2436 Februar.)
1038 2361 1040 2367 ⁸

338 2451 359 2521 ⁵)
382 2451 509 2506 Tabulas
537 2453 675 2510 eeclesiae
701 2453 872 2510 Senonensis
899 2457 965 2510 ante
992 2455 1146 2510 Baronium
1172 2456 1228 2510 iam
1258 2457 1449 2526 descripserat

231 2535 440 2610 Demochares,
467 2539 515 2608 qui
535 2540 618 2594 etiam
646 2541 752 2610 primus
780 2541 917 2597 Gratiano
945 2543 1069 2598 medieas
1097 2543 1225 2597 admovit
1247 2558 1355 2597 manus.
1391 2541 1459 2597 err:
1544 2543 1548 2550 '

231 2625 328 2694 Steph.
352 2615 484 2680 Baraza
495 2627 588 2682 Notae
606 2629 645 2682 ad
661 2628 728 2683 Ant.
746 2629 937 2698 Augustinum
955 2647 982 2699 p.
1000 2631 1060 2684 425.
1097 2624 1230 2699 Sebalte,
1258 2628 1377 2692 Quellen
1395 2629 1447 2683 des

231 2711 340 2767 kathol.
358 2713 578 2768 Kirchenreohts
597 2715 726 2784 (Giessen
745 2715 824 2783 1860)
843 2731 870 2784 p.
888 2716 949 2770 328.

337 2797 358 2868 ⁶)
375 2800 419 2854 De
438 2816 472 2855 eo
491 2801 575 2856 etiam
593 2793 695 2856 vetera
712 2804 892 2855 monumenta
915 2801 1052 2874 ecclesiae
1070 2801 1256 2873 Tudertinus,
1282 2817 1356 2870 quae
1374 2802 1446 2856 vidi-

231 2901 302 2956 mus,
318 2885 464 2954 impartita
476 2887 559 2942 nobis
571 2903 589 2942 a
601 2888 635 2942 R.
647 2888 682 2942 D.
694 2887 807 2956 Angelo
822 2882 938 2955 ansio,
958 2887 1018 2942 eius
1037 2887 1161 2942 civitatis
1180 2889 1325 2958 episeopo,
1344 2887 1446 2956 quibus

192 3006 195 3012 -
231 2973 315 3026 etiam
333 2977 467 3028 testatum
485 2972 620 3044 habetur,
648 2973 708 3028 eius
726 2973 858 3043 martyris
877 2990 981 3043 eorpus
999 2973 1132 3043 religiose
1151 2978 1329 3028 asservatum
1347 2973 1447 3028 haberi

229 3059 258 3112 in
276 3059 449 3114 monasterio
468 3060 631 3114 monialium
654 3061 731 3129 quod
750 3059 853 3114 dicitur
872 3059 907 3114 de
925 3059 1040 3114 Militiis.
1075 3059 1158 3127 (Ann.
1178 3075 1203 3114 a.
1223 3060 1263 3113 13.
1282 3059 1376 3128 Febr.)
1470 3091 1472 3097 ·

336 3145 356 3214 ⁷)
375 3146 470 3201 Vitam
489 3145 516 3201 S.
534 3147 651 3202 Eusebii
674 3162 737 3200 cum
755 3161 790 3200 ex
809 3145 933 3214 antiquis
959 3145 1145 3200 monumentis
1168 3145 1307 3200 ecelesiae
1330 3145 1445 3200 Vercel-
1490 3170 1493 3174 ·

229 3233 324 3303 lensis,
341 3238 400 3288 tum
419 3233 504 3288 etiarn
522 3249 557 3288 ex
575 3237 738 3288 sanctorum
755 3233 871 3286 Patrum
890 3231 991 3302 elogiis
1010 3236 1178 3303 contextam,
1197 3248 1335 3286 unacum
1354 3237 1449 3310 trans·¹
1477 3297 1482 3308 Ι

229 3319 336 3374 latione
352 3319 443 3390 ipsius
460 3324 590 3376 recenter
607 3319 693 3389 iacta,
719 3320 752 3373 R.
771 3318 806 3372 D.
824 3317 951 3372 (loannes
969 3319 1137 3374 Francisous
1156 3315 1350 3387 Boubomiua
1380 3319 1440 3373 eius

230 3405 305 3458 sedis
324 3405 485 3474 episcopus,
504 3405 643 3459 edendam
661 3405 781 3460 curavit.
820 3405 903 3472 (Ann.
922 3421 948 3460 a.
966 3405 1025 3461 Cal.
1043 3405 1130 3476 Aug.)

335 3490 502 3559 ⁸)Tabulae
526 3491 663 3546 ecclesiae
687 3491 861 3546 Veronensis
886 3491 1045 3546 illustratae
1068 3493 1268 3548 commentario
1291 3491 1444 3562 Augustini

235 3574 358 3647 Valerii,
377 3578 438 3632 eius
457 3577 533 3631 sedis
551 3577 687 3646 episcopi.
724 3578 807 3647 (Ann.¹
825 3593 851 3632 a.
871 3578 911 3632 12.
930 3578 1024 3646 Febr.)

766 3964 910 4096 xxii.

330 4238 431 4305 Venio
455 4237 497 4304 ad
522 4258 574 4306 res
597 4219 706 4324 gestas
733 4230 906 4319 Martyrum
931 4245 962 4304 et
985 4237 1118 4308 aliorum
1146 4235 1334 4303 Sanctorum
1358 4237 1439 4303 Mar-

227 4341 377 4428 tyrologii
404 4362 444 4407 ex
472 4342 557 4408 omni
589 4340 787 4425 antiquitatis
819 4340 973 4406 memoria
1005 4341 1168 4426 collectas,
1204 4360 1283 4424 quas
1312 4360 1370 4425 pro
1392 4341 1439 4405 in·
1543 4425 1547 4431 Ι

226 4446 354 4512 stitutae
377 4445 559 4530 scriptionis
583 4447 705 4512 ratione
728 4445 884 4510 Baronius
907 4445 953 4510 ita
975 4445 1114 4512 breviter
1135 4443 1256 4529 attigit,
1279 4447 1314 4510 ut
1335 4443 1439 4510 fontes

226 4549 311 4615 unde
334 4549 462 4614 uberius
490 4548 608 4615 hauriri
634 4555 775 4635 possint,
792 4537 973 4616 indicaret.
1017 4548 1111 4614 Haud
1134 4568 1237 4633 pauca
1258 4546 1439 4612 huiusmodi

226 4655 307 4718 Acta
329 4672 369 4716 ex
392 4651 528 4720 diversis
552 4659 644 4718 extra
666 4652 783 4718 Urbem
817 4654 1022 4720 ecclesiarum
1051 4651 1188 4718 archivis
1216 4657 1385 4734 acceperat
1406 4651 1437 4716 in

223 4757 326 4840 iisque
363 4754 574 4840 congerendis
612 4756 768 4823 Antonius
806 4757 910 4844 Talpa
943 4757 1129 4840 Severinas,
1169 4753 1438 4838 Congregationis
