3350 5484
834 377 872 440 91

247 527 463 614 Bituricensis‚
488 551 528 596 ex
543 530 680 596 Antonio
698 531 857 595 Democar
872 529 904 593 in
921 529 1076 611 Catalogo
1097 528 1324 613 Episcoporum
1345 525 1458 592 Bituri-

246 633 403 718 censium,
428 634 481 717 qui
505 639 611 700 tamen
635 655 698 699 non
721 633 800 698 vixit
822 632 884 698 nisi
906 632 1003 715 longe
1025 637 1099 718 post
1121 637 1266 698 sanctum
1289 629 1458 696 Martinum

246 740 467 804 Turonensem
490 737 694 823 Episcopum,
719 736 806 802 cuius
829 735 888 800 tuit
909 734 1050 818 alioquin
1073 736 1223 816 imitator,
1247 755 1287 801 ex
1302 737 1395 800 Petro
1419 733 1459 799 de

246 841 425 909 Natalibus.
471 840 592 919 Quibus
617 841 763 908 omnibus
787 838 1010 922 consideratis,
1043 839 1204 906 decretum
1229 847 1278 906 est
1300 838 1399 904 deleri
1422 858 1462 903 ea

245 946 361 1011 verba:
402 945 578 1031 „Discipuli
610 947 713 1011 sancti
744 943 907 1027 Martini“‚
941 950 975 1008 ut
1005 943 1045 1009 de
1078 944 1238 1028 Episcopo
1272 941 1460 1008 Bituricensi

246 1051 353 1115 statim
385 1049 578 1133 intelligatur
610 1048 829 1134 Martyrologii
861 1052 980 1130 textus,
1016 1067 1080 1113 non
1112 1046 1153 1113 de
1185 1047 1265 1130 alio,
1304 1045 1460 1130 discipulo

247 1152 349 1218 sancti
372 1153 513 1237 Martini,
548 1161 580 1220 et
601 1153 755 1238 scriptore
778 1151 895 1217 vitae.“
941 1150 1087 1235 Elogium
1116 1151 1213 1235 igitur
1235 1151 1281 1217 sic
1303 1150 1361 1216 ruit
1388 1170 1460 1214 con-

245 1263 392 1324 tractum:
416 1257 510 1342 Apud
533 1257 690 1324 Biturieas
713 1256 815 1324 sancti
832 1254 958 1342 Sulpitii
976 1255 1086 1321 Severi
1109 1255 1269 1342 Episcopi,
1293 1255 1461 1321 virtutibus

247 1368 279 1429 et
301 1362 480 1429 eruditione
504 1362 680 1448 conspicui.-

362 1643 379 1709 ')
405 1640 541 1694 Eruditus
569 1641 661 1694 Lucas
688 1635 863 1693 Holeteat'as
889 1637 1054 1694 Praefectus
1081 1638 1239 1693 Vaticanus
1266 1635 1461 1692 Bibliothecae

246 1727 304 1780 suis
325 1727 427 1781 litteris
449 1725 596 1780 admonuit
619 1725 799 1779 Francisoum
822 1725 940 1780 Mariam
965 1725 1181 1794 Florentinium,
1209 1724 1257 1794 qui
1279 1723 1462 1778 incumbebat

245 1813 273 1866 in
292 1813 444 1867 editionem
461 1813 627 1868 vetustioris
644 1805 842 1882 Martyrologii
862 1811 1051 1882 Occidentalis
1070 1811 1216 1866 Ecclesiae
1234 1812 1269 1865 D.
1286 1809 1460 1880 Hieronymo

245 1899 386 1970 attributi,
416 1905 448 1954 ut
471 1916 544 1969 opus
568 1900 597 1953 id
622 1899 731 1968 ederet,
761 1903 865 1968 putans
890 1914 924 1952 eo
954 1898 1038 1952 modo
1067 1898 1171 1968 corrigi
1199 1912 1284 1966 posse
1310 1897 1461 1951 nonnullos

245 2002 368 2057 errores,
395 1987 444 2056 qui
461 1990 528 2056 post
546 1986 736 2040 correctiones
760 1985 854 2040 adhuc
872 1986 901 2039 in
918 1985 1125 2055 Martyrologlo
1149 1989 1247 2040 nostro
1267 1985 1396 2038 Romano
1414 1999 1460 2039 ex-

245 2077 321 2128 stare
340 2073 480 2127 dicuntur.
509 2072 635 2127 Litterae
652 2071 732 2141 ipsae
750 2075 882 2140 prostant
892 2071 921 2124 in
934 2071 1174 2134 admonitionibus
1192 2071 1317 2140 praeviis
1335 2071 1461 2126 eiusdem

244 2160 408 2215 Florentinii
427 2159 464 2216 ad
483 2176 563 2214 suum
581 2159 815 2229 Martyrologium
832 2175 899 2228 pag.
916 2159 941 2213 4.
961 2162 990 2213 et
1006 2158 1126 2228 ipsemet
1142 2157 1306 2212 Holstenius
1325 2158 1462 2213 nonnulla

245 2247 360 2316 reliquit
375 2247 535 2302 ·Annotata
565 2245 734 2315 marginalia
764 2245 802 2299 ad
831 2245 1067 2316 Martyrologium
1100 2245 1258 2298 Romanum
1287 2245 1347 2298 Em.
1377 2243 1460 2299 Card.

248 2333 363 2387 Beronii
388 2336 464 2403 (post
483 2334 543 2388 eius
566 2332 674 2387 obitum
698 2333 806 2387 Romae
829 2331 1257 2387 661166661616631611666
1283 2331 1327 2385 oui
1349 2331 1460 2385 titulus:

246 2420 405 2489 „Opuscula
422 2421 478 2474 tria
495 2425 625 2474 veterum
643 2420 842 2490 Auctorum“)3
862 2424 890 2474 et
908 2420 1025 2474 Latinus
1043 2419 1136 2474 Latini
1154 2417 1342 2473 Viterbiensis
1360 2419 1389 2472 in
1408 2434 1461 2473 666

245 2505 423 2561 Bibliotheca
441 2523 524 2562 sacra
542 2512 571 2562 et
587 2508 710 2576 profana
729 2507 806 2560 edita
827 2507 935 2561 Rornae
954 2521 979 2560 a.
999 2507 1067 2560 1677
1091 2507 1163 2560 61166
1189 2504 1309 2559 subiecit
1331 2504 1460 2559 emenda·

246 2593 347 2663 tiones,
366 2609 438 2662 quas
456 2593 517 2648 fieri
535 2595 660 2663 possein
674 2593 800 2648 examine
818 2592 1015 2662 Martyrologii
1034 2591 1213 2648 existimavit.
1244 2589 1463 2661 (166666666-

247 2677 351 2734 666116.
370 2681 413 2734 De
432 2679 512 2735 Serv.
530 2681 584 2735 Dei
602 2680 703 2736 Beatif.
723 2679 772 2750 IV,
790 2681 815 2734 2.
835 2680 866 2734 17
885 2697 911 2734 n.
931 2681 966 2748 7.)

352 2765 375 2831 ²)
404 2765 460 2820 Cfr.
486 2764 644 2820 Benedicti
672 2763 755 2822 XIV.
783 2765 909 2820 Litterae
936 2766 1121 2836 Apostolicae
1149 2766 1185 2820 de
1210 2779 1288 2818 nova
1314 2764 1460 2835 Martyrol.

247 2851 327 2906 Rom.
346 2852 477 2907 Editione
493 2854 530 2907 ad
548 2852 687 2909 Joannem
705 2851 739 2908 V.
758 2851 953 2922 Portugalliae
971 2854 1041 2922 Reg.
1059 2870 1086 2907 6.
1105 2851 1206 2907 XLVI.

349 2938 370 3006 ³)
389 2939 451 2993 Den
470 2939 568 2994 Grund
586 2955 636 2993 nur
652 2938 1030 3009 Handsehriftensammlung
1047 2939 1098 2994 der
1109 2939 1276 2994 Sessoriana
1293 2939 1369 3008 legte
1387 2938 1459 2993 um’s

244 3024 316 3080 Jahr
336 3025 404 3080 1650
422 3025 473 3080 der
490 3025 549 3080 Abt
567 3025 601 3080 D.
620 3025 743 3081 llarione
766 3021 911 3095 flaucati,
933 3026 1016 3095 jener
1037 3026 1269 3096 hervorragende
1288 3026 1459 3096 Orientalist,

245 3112 295 3167 der
313 3116 396 3167 unter
413 3113 485 3168 Paul
497 3112 531 3167 V.
550 3129 600 3166 zur
613 3112 823 3182 congregation
841 3111 886 3166 fiir
898 3112 1034 3166 Revision
1053 3113 1104 3168 der
1116 3113 1268 3183 Syrisohen
1287 3111 1460 3168 Cultbiicher

246 3198 366 3268 gchbrte
383 3199 441 3252 und
459 3215 517 3253 von
530 3198 627 3253 Urban
640 3199 719 3253 VIII.
737 3198 787 3252 mit
799 3198 1012 3268 Uebersetnung
1031 3199 1081 3254 der
1092 3198 1217 3270 Vulgata
1234 3199 1287 3254 in's
1300 3197 1458 3261 Arabische

245 3286 358 3341 betraut
380 3285 487 3340 wurde.
518 3287 657 3340 Letnterm
675 3285 764 3354 Papst
782 3284 860 3339 hatte
879 3285 934 3339 er's
952 3302 986 3338 zu
999 3286 1175 3357 verdanlren,
1193 3287 1260 3342 dasz
1279 3287 1340 3342 eine
1359 3301 1459 3356 grosse

244 3371 355 3426 Annahl
383 3371 503 3427 Codices
525 3372 576 3426 der
600 3371 765 3427 berithmten
793 3371 877 3426 Abtei
902 3372 1078 3444 Nonantola‚
1109 3375 1195 3428 deren
1213 3372 1458 3429 Commendatario

245 3457 295 3512 der
308 3457 441 3513 Cardinal
459 3458 583 3512 Antonio
603 3458 751 3513 Barberini
770 3475 840 3528 war,
857 3456 930 3512 nach
943 3457 971 3512 S.
985 3458 1074 3514 Croce
1093 3458 1204 3514 kamen.
1241 3460 1307 3528 (Zur
1324 3459 1459 3514 Kirchen-

244 3542 339 3613 gesch.
358 3545 384 3600 d.
397 3543 474 3598 XVI.
493 3561 520 3598 u.
533 3543 625 3598 XVII.
643 3543 741 3600 Jahrh.
760 3561 787 3612 p.
807 3545 831 3598 9.
849 3543 918 3620 Ι016.
939 3541 1112 3598 I'iruboscbi
1130 3545 1225 3600 Storia
1244 3545 1320 3600 della
1338 3547 1458 3600 Littera·

243 3633 309 3684 tura
327 3631 448 3684 Italiana
467 3631 498 3686 T.
516 3631 595 3686 VIII.
613 3631 705 3685 Roma
724 3631 799 3685 1785.
818 3647 845 3700 p.
862 3630 933 3699 345.)

349 3717 369 3785 ⁴)
386 3715 503 3787 Sulpicii
525 3716 623 3772 Severi
645 3716 723 3772 Libri
748 3717 796 3788 qui
820 3720 972 3788 supersunt
994 3733 1050 3774 rec.
1073 3717 1193 3774 Carolus
1212 3714 1313 3774 Halm.
1350 3717 1456 3772 Vindo-

244 3801 309 3858 bon.
329 3802 404 3858 1866.
423 3822 450 3874 p.
470 3803 520 3858 109
538 3819 580 3874 sq.

785 4190 899 4274 'LV..

346 4482 607 4566 Recognitionem
634 4481 853 4548 Urbanianam
886 4479 1012 4564 excepit
1042 4467 1223 4546 emendatio
1253 4499 1347 4564 quam
1374 4480 1456 4545 Mar-

243 4587 434 4672 tyrologium
456 4590 633 4653 Romanum
656 4606 677 4650 6
699 4585 863 4652 Clemente
886 4587 927 4650 X.
951 4583 1057 4650 subiit.
1101 4585 1258 4650 Absoluta
1287 4591 1395 4650 tamen
1418 4603 1457 4648 ea

243 4697 293 4757 est
315 4689 442 4757 demum
465 4691 524 4758 sub
548 4690 734 4757 Innocentio
756 4688 830 4772 XL,
865 4689 953 4755 euius
980 4688 1169 4755 auctoritate
1200 4709 1294 4775 opus,
1328 4685 1456 4752 insertis

244 4793 338 4860 simul
372 4815 480 4886 eorum
515 4794 696 4860 nominibus
730 4792 782 4875 qui
815 4791 1007 4868 6666616
1040 4791 1245 4858 Pontificibus
1278 4811 1379 4880 usque
1413 4790 1456 4862 ad
