3350 5484
776 775 911 862 XVll.

341 1061 393 1126 Me
415 1062 539 1129 nescire
561 1064 664 1130 fateor
685 1085 745 1131 neo
766 1067 865 1132 ullum
888 1068 1016 1135 omnino
1043 1067 1192 1134 arbitror·
1205 1072 1333 1132 exstare
1360 1065 1454 1130 docu-

240 1171 395 1249 mentum,
419 1187 459 1231 ex
482 1188 544 1250 quo
567 1169 635 1234 erui
657 1172 775 1254 possit,
803 1171 931 1254 quando
955 1172 1062 1238 studia
1085 1177 1117 1238 et
1139 1171 1266 1237 labores
1289 1170 1454 1236 Reforma-

239 1275 341 1333 torum
367 1270 586 1356 Martyrolcgii
609 1273 746 1339 adeum
774 1276 978 1359 pervenerint
1007 1275 1118 1359 finem,
1152 1280 1188 1340 ut
1208 1273 1289 1340 liber
1311 1273 1352 1338 ab
1374 1271 1454 1356 ipsis

238 1372 401 1452 redactus,
436 1376 572 1460 praevia
593 1375 824 1462 approbatione
851 1379 1031 1458 Pontificia,
1065 1377 1175 1445 formis
1198 1377 1314 1443 excudi
1336 1376 1454 1461 incipe·

238 1483 334 1542 retur.
369 1479 450 1542 Nam
473 1478 548 1544 inde
572 1481 657 1562 quod
681 1482 836 1548 Batonius
858 1483 891 1547 in
914 1483 1051 1568 epistola
1072 1482 1125 1548 dio
1143 1484 1193 1547 10.
1209 1479 1355 1546 ianuarii
1372 1481 1455 1548 1582

240 1576 317 1643 data
340 1587 372 1644 et
393 1602 413 1645 a
435 1582 527 1646 nobis
550 1602 648 1666 supra
670 1585 728 1669 (X)
757 1586 898 1668 allegata
925 1587 1032 1651 Sirleti
1062 1586 1211 1651 effatum:
1251 1583 1307 1670 ,Si
1334 1583 1452 1649 comin-

241 1683 389 1749 ciarcbbe
416 1707 436 1749 a
462 1692 622 1771 stampare
653 1689 676 1751 il
708 1709 797 1755 mese
828 1689 1027 1754 di'l‘ebraro
1054 1709 1072 1754 o
1099 1689 1131 1755 al
1158 1689 1213 1774 piu
1239 1689 1271 1754 al
1299 1707 1388 1753 mese
1420 1686 1453 1752 di

242 1787 361 1871 Marco,
385 1788 443 1854 cbc
465 1789 572 1871 giale
594 1791 716 1876 fatigbe
739 1813 818 1882 sono
840 1815 861 1859 a
882 1795 946 1859 bon
969 1794 1124 1859 termine“
1148 1791 1260 1874 refert,
1284 1790 1452 1873 coniicerc,

241 1913 304 1955 non
327 1900 432 1958 autem
456 1894 645 1961 concludere
668 1896 756 1981 licet,
785 1898 1026 1983 impressionem
1049 1895 1269 1982 Martyrologii
1290 1892 1454 1962 reformati

241 1996 282 2061 de
305 2017 370 2090 ques¹
391 1998 590 2080 cogitabatur
611 1999 681 2066 istis
704 2003 868 2068 mensibus
896 2021 1008 2067 revera
1034 2020 1182 2068 exornem
1205 2018 1288 2065 esse.
1334 1996 1454 2064 Nullibi

241 2119 316 2165 vero
340 2100 416 2183 quid
439 2102 551 2167 eodem
574 2106 761 2170 ann01582
783 2103 896 2170 litteris
919 2101 1103 2169 mandatum
1119 2125 1140 2169 a
1154 2105 1293 2170 Baronio
1315 2102 1453 2168 vidimus

241 2203 326 2286 quod
349 2204 391 2269 ad
414 2206 579 2272 materiam
602 2213 743 2273 nostram
767 2209 934 2292 pertineat,
957 2207 1021 2273 imo
1044 2206 1142 2271 altum
1166 2208 1208 2272 ab
1231 2227 1269 2273 eo
1292 2211 1452 2272 servatum

200 2379 203 2386 ,
241 2329 298 2393 per
320 2309 380 2374 tria
402 2309 469 2375 iere
492 2312 660 2376 semestris
690 2311 958 2396 deprehendimus
990 2310 1164 2396 silentium,
1199 2310 1302 2376 donec
1323 2308 1453 2375 andem

241 2414 274 2477 in
297 2414 433 2497 epistola
455 2413 508 2480 die
531 2417 581 2481 28.
605 2415 697 2481 Junii
721 2419 804 2484 1583
830 2416 913 2501 patri
939 2415 1093 2500 inscripta
1119 2415 1226 2481 brevis
1254 2415 1334 2480 baec
1360 2414 1453 2480 nobis

241 2517 376 2583 occurrit
397 2519 528 2583 notitia:
568 2520 704 2598 ,Mando
731 2521 866 2587 insieme
887 2519 910 2583 il
926 2519 1181 2602 'Martirologio.“
1199 2520 1225 2606 ¹)
1269 2518 1366 2602 Atqui
1389 2537 1453 2583 mo-

241 2630 381 2688 mentum
413 2623 519 2710 pbstat
551 2623 822 2710 chronologicum,
857 2624 1025 2706 quominus
1054 2622 1316 2709 Martyrologium
1340 2623 1453 2687 Soram

242 2725 395 2791 directum
427 2727 593 2812 opinemur
623 2728 722 2794 fuisso
754 2727 787 2792 id
819 2729 923 2812 ipsum
955 2726 1040 2809 quod
1072 2726 1246 2810 Gregorius
1271 2725 1363 2790 ΧΙΙΙ.Δ
1395 2744 1455 2790 sua

240 2829 429 2895 auctoritate
451 2831 606 2897 sancitum
631 2852 688 2897 sex
711 2830 838 2895 demum
860 2830 1023 2896 mensibus
1045 2836 1119 2914 post
1140 2829 1262 2896 curavit
1283 2826 1453 2895 edendum.

240 2935 306 3000 Neo
330 2943 526 3000 evanescunt
548 2935 607 3000 sed
629 2935 850 3017 adaugescont
872 2932 978 3015 dubia,
1002 2953 1097 3016 quum
1120 2935 1154 2998 in
1172 2933 1301 3000 Baronii
1323 2934 1453 2998 Tracta·

240 3037 335 3122 tione,
359 3038 518 3122 adquam
542 3046 655 3124 postea
677 3038 872 3122 revertimur,
896 3037 936 3102 de
952 3036 1318 3132 Martyrologiioriginc
1342 3042 1374 3102 et
1394 3055 1454 3102 usu

240 3142 271 3204 in
286 3143 440 3207 'Ecclesia
463 3143 662 3226 Catholical)
686 3163 755 3227 cap.
780 3142 866 3210 VlIl.
891 3141 1017 3207 obviarn
1041 3141 1133 3208 nobis
1155 3141 1211 3207 fiat
1233 3142 1384 3225 aenigma
1406 3140 1454 3206 sio

241 3252 445 3330 conceptum:
500 3247 603 3331 „lllud
639 3247 822 3312 necessario
864 3246 1017 3312 lectorem
1058 3245 1251 3312 monendum
1294 3253 1452 3330 putamus,

241 3351 374 3414 Romani
406 3351 626 3436 Mar-tyrologii
662 3350 816 3434 triplicem
855 3348 1009 3416 hactenus
1042 3350 1075 3414 in
1108 3351 1195 3417 Urbe
1229 3369 1302 3416 esse
1336 3349 1454 3416 iactam

240 3454 426 3539 editionem,
461 3455 592 3538 eiusque
622 3455 757 3541 primam
790 3463 822 3521 et
848 3454 1023 3522 secundam
1055 3473 1128 3521 esse
1158 3453 1360 3538 mendosam,
1394 3473 1455 3519 nec

240 3559 319 3623 satis
350 3559 495 3643 dignam,
530 3579 613 3641 quac
645 3560 758 3625 iterum
789 3560 899 3645 praelo
930 3557 1092 3624 tradatur:
1126 3557 1212 3641 quod
1239 3557 1327 3624 cuius
1361 3556 1455 3641 culpa

240 3660 401 3746 acciderit,
432 3664 582 3728 libentius
610 3663 736 3729 silentio
759 3663 979 3748 praeterimus.
1024 3662 1135 3728 Tertia
1157 3662 1254 3727 editio
1274 3661 1384 3747 purior
1406 3665 1456 3725 cst

240 3773 336 3848 atque
373 3767 539 3851 sincerior,
586 3766 672 3833 iacta
703 3763 792 3834 ¹anno
827 3767 953 3832 Domini
992 3767 1161 3832 millesimo
1199 3763 1454 3848 quingentesimo

240 3870 436 3953 octogesimo
468 3877 599 3952 quarto:
636 3871 681 3935 illi
714 3873 797 3937 enim
833 3877 969 3954 tantum,
1004 3877 1038 3936 ut
1065 3869 1229 3953 legitimae
1260 3875 1357 3950 atque
1384 3887 1454 3950 ger-

241 3995 372 4057 manae,
396 3983 601 4041 accesserunt
623 3975 747 4042 litterae
769 3975 988 4061 Apostolicae‚
1023 3974 1118 4041 datae
1142 3973 1195 4039 die
1217 3972 1457 4056 decimaquarta

240 4079 398 4163 Januarii,
422 4079 536 4144 eodem
558 4081 674 4147 anno.“

349 4393 367 4460 ¹)
387 4388 460 4448 Ood.
484 4389 668 4448 Vallicellara
687 4391 718 4456 Q.
736 4391 778 4446 46.
797 4393 815 4446 f.
832 4394 875 4452 50.

347 4479 368 4558 ²)
388 4476 422 4536 0.
446 4478 522 4537 Vall.
543 4480 574 4556 Q.
587 4481 629 4539 30,
