3350 5484
800 293 843 356 94

214 448 337 516 Urbani
358 447 447 515 VIII.
479 453 511 513 et
538 446 711 514 ClementIs
733 445 774 511 X.
807 444 995 511 auctoritate
1026 444 1181 528 recogniti
1207 445 1300 512 Nova
1321 443 1426 510 Editio

212 575 233 620 a
259 551 472 618 Sanctissimo
495 551 634 617 Domino
657 549 779 616 Nostro
803 547 976 615 Benedicto
998 547 1085 613 XIV.
1107 547 1263 614 Pontifice
1286 548 1426 612 Maximo

213 663 307 724 aucta
329 663 361 722 et
383 658 555 740 castigata,
588 655 622 720 in
645 674 708 738 qua
730 653 884 720 nonnulla
907 653 1095 718 Sanctorum
1129 653 1259 720 nomina
1280 653 1313 750 in
1336 673 1426 738 prae-

201 762 314 828 teritis
345 760 545 828 Editionibus
582 758 702 826 omissa
733 758 932 844 supplentur:
967 758 1032 823 alia
1062 755 1137 822 item
1171 757 1358 823 Sanctorum
1392 765 1424 825 et

212 867 381 932 Beatorum
413 865 544 932 nomina
571 884 612 929 ex
638 863 763 946 integro
795 860 985 927 adduntur.“
1030 861 1170 926 Primum
1200 861 1231 926 in
1261 882 1301 927 ea
1322 863 1425 930 locum

212 976 369 1054 occupant
400 970 545 1053 insignes
577 967 718 1032 Litterae
745 963 956 1050 'Apostolicac
988 963 1035 1030 ad
1061 965 1219 1031 Ioannem
1246 966 1284 1032 V.
1317 967 1426 1032 Portu-

212 1075 331 1157 galliae
357 1081 390 1142 et
412 1073 634 1158 Algarbiorum
662 1071 784 1153 Regem
814 1069 866 1134 die
894 1069 997 1154 prima
1022 1067 1103 1133 Julii
1129 1071 1211 1134 1748
1239 1067 1425 1156 directae‚*)

211 1177 383 1260 inquibus
410 1179 500 1263 Papa
529 1174 732 1244 doctissimus
760 1192 889 1238 causam
914 1177 946 1238 et
967 1171 1077 1257 finem,
1111 1176 1268 1239 rationem
1291 1180 1323 1239 et
1344 1175 1427 1240 utili-

210 1288 309 1346 tatem
332 1302 436 1347 novae
458 1281 607 1348 editionis
630 1276 771 1363 exponit.
810 1275 1001 1358 Avestigiis
1024 1275 1151 1359 quidem
1176 1277 1323 1361 Gregorii
1336 1279 1446 1362 XIII.¹

212 1391 244 1450 et
266 1385 484 1451 UrbaniVIll.
508 1383 792 1471 praedecessorum
816 1401 943 1447 suorum
967 1381 1052 1446 nullo
1076 1388 1169 1468 pacto
1192 1382 1254 1447 sibi
1276 1383 1425 1449 receden-

212 1488 287 1561 dum
311 1508 385 1554 esse
408 1489 468 1554 rati
492 1508 586 1554 curae
609 1488 642 1552 in
664 1485 925 1572 Martyrologium
949 1485 1114 1551 Benedicti
1125 1486 1211 1551 XIV.
1235 1508 1273 1554 eo
1296 1487 1425 1553 tandem

118 1646 121 1652 .
212 1592 458 1677 contenderunt,
491 1599 527 1657 ut
549 1612 632 1674 quae
653 1595 727 1676 post
749 1589 917 1672 evulgatas
944 1589 1155 1655 correctiones
1187 1610 1427 1676 supervacanea

212 1702 423 1781 occurrerunt,
447 1701 677 1776 resecarentur,
700 1713 783 1777 quae
807 1714 882 1760 vero
905 1691 1100 1778 defecerunt,
1124 1693 1424 1780 superadderentur.

211 1802 437 1884 Praeterquam
461 1808 566 1866 autem
590 1798 676 1882 quod
698 1797 829 1863 nimiam
851 1797 883 1861 in
907 1797 1067 1863 nonnullis
1091 1773 1278 1864 Sanctordm
1301 1798 1426 1882 Elegiis

213 1906 439 1972 verbositatem
464 1903 558 1968 duxit*
576 1902 813 1988 amputandam,
837 1921 878 1967 ue
892 1903 1068 1967 Romanum
1091 1901 1350 1988 Martyrologium
1367 1921 1427 1968 sua

211 2008 412 2076 fraudaretur
442 2007 640 2093 integritate,
675 2006 914 2093 quamplurimis
949 2006 1140 2073 Sanctorum
1171 2006 1352 2073 nominibus
1384 2007 1425 2072 ob

210 2112 482 2199 typographorum
513 2111 746 2194 indiligentiam
779 2111 903 2196 pridem
930 2109 1165 2196 praetermissis
1198 2132 1313 2177 novam
1337 2111 1426 2178 iuxta

211 2217 355 2283 tramites
378 2217 586 2283 Decretorum
609 2237 650 2283 ex
672 2217 761 2282 Actis
785 2216 818 2282 S.
842 2217 905 2282 Rit.
930 2215 1197 2298 Congregatiouis
1221 2215 1422 2281 collectorum

145 2361 152 2375 ι
210 2320 417 2406 locupletavit
457 2319 638 2388 editionem·
667 2321 835 2404 eidemque
872 2320 995 2402 aliquot
1030 2318 1201 2384 Beatorum
1238 2319 1424 2406 Martyrum,

213 2424 254 2490 de
286 2444 418 2506 quorum
450 2427 617 2509 martyrio,
651 2425 811 2492 miraculis
839 2445 878 2490 ao
906 2423 991 2490 cultu
1022 2423 1180 2504 aliquibus
1212 2423 1364 2490 Ecclesiis
1392 2432 1424 2489 et

211 2527 424 2594 Dioeoesibus
458 2527 629 2612 permisso,
667 2528 812 2611 diligenti
847 2527 957 2594 habita
990 2526 1196 2593 discussione¹
1222 2528 1320 2612 plane
1352 2547 1423 2594 ocu·
1467 2527 1471 2533 ’

213 2632 345 2716 stabat,
368 2631 498 2696 nomina
520 2630 646 2698 adiecit.
690 2634 789 2699 Porro
813 2653 907 2715 quum
932 2651 988 2701 eos
1011 2631 1105 2716 inter,
1140 2652 1272 2714 quorum
1295 2633 1425 2699 nomina

105 2759 107 2767 ’
211 2736 355 2800 Romano
397 2735 625 2819 Martyrologio
669 2742 742 2803 sunt
784 2735 1023 2818 consignanda,
1068 2734 1240 2820 praecipuo
1285 2735 1423 2817 quodam

210 2839 279 2906 iure
315 2839 418 2904 locum
456 2839 516 2904 sibi
554 2838 716 2906 vlndicent
754 2839 897 2924 Sancti,
929 2837 970 2904 de
1007 2858 1139 2921 quorum
1184 2839 1424 2906 canonizatione

213 2948 342 3009 exstant
363 2942 568 3026 Apostolicac
591 2943 731 3010 Litterae
760 2943 910 3029 plumbeo
933 2943 1025 3028 signo
1048 2943 1202 3028 munitae,
1233 2941 1426 3009 Benedictus

213 3047 369 3114 eiusmodi
397 3047 646 3115 constitutiones
674 3053 817 3132 ternpore
844 3048 1007 3131 utriusque
1040 3048 1244 3114 correctionis
1267 3047 1327 3113 sub
1350 3047 1426 3114 Gre-

213 3152 303 3235 gorio
327 3157 358 3217 et
380 3152 509 3219 Urbano
533 3149 699 3216 absolutae
722 3149 826 3215 adhuc
851 3149 1025 3235 impervias
1049 3173 1087 3219 ac
1109 3151 1237 3219 demum
1259 3151 1426 3234 insequen-

212 3256 297 3322 tibus
328 3256 420 3322 aunis
448 3276 488 3322 ex
514 3255 715 3338 ignorantiae
746 3253 886 3320 tenebris
919 3261 1026 3320 erutas
1054 3275 1118 3334 non
1144 3254 1307 3340 neglexit,
1342 3254 1427 3322 unde

213 3381 297 3426 nova
324 3359 409 3426 sacta
436 3365 485 3425 est
513 3357 655 3424 accessio
684 3375 787 3422 novae
821 3357 969 3442 editioni,
1004 3361 1037 3424 in
1060 3377 1123 3443 qua
1145 3359 1277 3446 insuper
1298 3359 1428 3426 nomina

212 3465 396 3530 Beatorum·
410 3462 576 3528 recentiori
604 3481 684 3526 aevo
713 3460 815 3527 relata
835 3461 869 3527 in
893 3462 1055 3529 Canonem
1087 3463 1276 3530 Sanctorum
1302 3462 1428 3528 fuerunt

216 3568 388 3654 descripta.

319 3875 349 3946 V)
368 3876 492 3934 Eaedem
514 3877 695 3949 reperiuntur
717 3876 801 3934 etiam
823 3877 947 3936 insertae
970 3879 999 3936 in
1016 3877 1144 3936 Bullario
1168 3875 1325 3936 Benedicti
1344 3875 1426 3936 XIV.

214 3963 292 4019 Tcm.
305 3961 334 4018 II
356 3965 411 4032 (ed.
429 3962 513 4020 Prot.
533 3965 611 4032 1846)
629 3983 657 4036 p.
669 3967 721 4020 362
734 3981 775 4035 sq.
794 3971 823 4021 et
840 3966 985 4036 praefixae
1003 3967 1212 4036 exemplaribus
1229 3967 1427 4038 Martyrologii

213 4050 334 4106 Romani
356 4049 414 4105 Pio
430 4048 520 4122 Papa
538 4048 592 4105 IX.
611 4053 727 4122 auspice
751 4057 780 4108 et
802 4057 925 4123 patrono
944 4070 969 4109 a.
989 4053 1324 4125 18731n'uypographia
1342 4054 1427 4124 Poly·
1464 4041 1469 4050 '

214 4137 308 4207 glotta
321 4135 348 4191 S.
362 4135 392 4192 Ο,
410 4137 454 4190 De
466 4137 551 4205 Prop.
570 4137 601 4192 F.
614 4138 772 4210 impressis3
789 4137 819 4192 in
837 4155 894 4209 qua
912 4140 1025 4210 quidem
1044 4141 1167 4196 editione
1185 4141 1315 4196 Romana
1332 4141 1427 4196 novis·

215 4223 285 4278 sIma
303 4222 479 4277 Ratisbcnae
497 4239 523 4278 a.
537 4224 606 4278 1874
624 4229 724 4279 exacte
742 4239 844 4280 recusa
863 4227 944 4281 simul
963 4231 1075 4282 exstant
1093 4227 1260 4283 Sanctorum
1279 4231 1307 4281 et
1324 4228 1427 4282 Beato-

214 4326 276 4364 rum
298 4309 402 4379 Elogia
420 4324 472 4378 pro
492 4309 644 4366 Ordinibus
661 4311 853 4381 Regularibus
866 4329 883 4367 a
896 4312 923 4368 S.
936 4313 993 4368 Rit.
1012 4313 1239 4385 Oougregatione
1258 4313 1426 4382 adprobata.
