3350 5484
720 727 924 812 XXXVI.

319 999 369 1065 Ab
391 999 722 1067 animadversionibus
744 1000 777 1066 in
800 1005 920 1066 textum
943 999 1162 1086 Martyrologii
1177 1001 1230 1066 Fr.
1246 999 1432 1068 Vincentius

213 1102 413 1169 lastinianus
435 1102 477 1168 ad
501 1122 668 1170 censuram
699 1102 905 1170 Notationnm
932 1103 1062 1170 Beronii
1093 1104 1223 1189 transit,
1262 1105 1375 1187 quihus
1398 1106 1431 1170 in

215 1206 446 1293 perlustrandis
470 1205 624 1273 decadem
649 1205 835 1272 mendorum
852 1213 907 1272 aut
922 1207 1089 1274 dubiorum
1111 1207 1287 1291 indagavit.
1317 1209 1430 1273 Emen-

217 1309 363 1377 dationes
386 1332 406 1378 a
429 1330 561 1377 censore
587 1311 769 1396 propositas
796 1310 863 1377 lere
890 1332 1001 1378 omnes
1023 1311 1242 1397 Martyrologii
1274 1331 1430 1378 commen·

215 1419 299 1481 tator
320 1414 353 1480 in
376 1413 515 1480 editione
537 1434 565 1479 a.
592 1415 675 1481 1598
698 1412 873 1499 adoptarit.
1179 1490 1182 1497 Ι

223 1571 229 1582 .
320 1519 357 1584 Β.
389 1519 530 1585 Luciano
566 1517 785 1586 Antiochense
821 1519 978 1587 ecclesiae
1014 1518 1202 1604 presbytero
1239 1524 1271 1586 et
1300 1517 1432 1604 martyri

219 1621 266 1712 (d.
292 1625 320 1688 7.
344 1622 491 1710 Januar.)
525 1623 557 1690 S.
581 1623 737 1689 Helenam
769 1621 855 1708 apud
877 1623 1062 1707 Drepanum
1093 1621 1259 1688 basilicam
1290 1623 1432 1690 erexisse

218 1731 250 1792 et
273 1725 434 1793 civitatem
456 1727 550 1792 istam
573 1726 793 1811 imperialibus
817 1718 1048 1792 munificentiis
1062 1733 1188 1792 auctam
1210 1725 1432 1812 Helenopolim

217 1829 401 1915 appellasse
442 1836 541 1913 negat
576 1829 760 1913 Theologus
798 1829 1027 1895 Dominieanus
1071 1849 1301 1915 perperamque
1342 1830 1432 1895 citari

190 1950 192 1959 ’
217 1932 333 1998 asserit
355 1953 375 1998 a
397 1934 535 2000 Baronio
565 1932 779 2018 Nicephorum
807 1932 903 2022 (Hist.
926 1931 1013 1998 VIlI.
1038 1933 1108 2018 31),
1144 1933 1197 2016 qui
1222 1932 1327 2018 potius
1351 1933 1432 1999 (lon-
1492 1988 1494 1992 .

216 2036 388 2104 stantinum
412 2036 531 2122 referat
553 2035 674 2105 civitati
696 2056 812 2103 nomen
826 2035 1034 2122 Helenopolis
1058 2035 1214 2104 indidisse
1236 2057 1297 2104 nec
1312 2037 1353 2104 de
1368 2038 1432 2104 ullo

215 2141 335 2226 templo
357 2142 399 2207 ab
421 2141 547 2208 Helena
568 2140 601 2208 in
622 2141 776 2208 honorem
792 2140 825 2207 S.
841 2140 975 2205 Luciani
998 2146 1104 2206 erecto
1127 2141 1257 2208 verbum
1280 2140 1387 2208 iaciat.

320 2247 361 2313 D.
393 2248 445 2312 28.
475 2245 606 2312 Januar.
639 2244 756 2328 legitur
786 2244 819 2328 in
850 2243 1096 2328 Martyrologio:
1135 2244 1434 2332 ,Caesaraugustae

216 2347 319 2414 sancti
349 2348 470 2414 Valerii
505 2348 679 2434 episeopi.“
735 2346 839 2425 Quum
874 2353 981 2413 autem
1013 2347 1047 2413 S.
1079 2347 1226 2415 Valerius
1264 2349 1432 2436 episcopus

217 2452 536 2532 ansaraugustanus
578 2450 755 2536 reperiatur
791 2449 932 2517 Concilio
971 2450 1166 2518 llliberitano
1176 2453 1202 2539 ¹)
1239 2451 1431 2537 interfuisse,

216 2553 347 2620 suborta
369 2558 419 2618 est
442 2551 577 2618 Barouio
600 2551 768 2619 dubitandi
790 2553 930 2637 occasio,
962 2575 1037 2620 num
1061 2553 1124 2620 duo
1146 2554 1263 2621 fuerint
1286 2555 1430 2622 eiusdem

215 2656 353 2723 nominis
385 2655 527 2742 episcopi
555 2655 859 2743 Caesaraugustam,
896 2679 1028 2742 quorum
1055 2659 1142 2745 prior
1168 2659 1288 2726 sederit
1309 2667 1429 2747 tempo·

215 2761 303 2828 ribus
329 2760 466 2827 Deciani
491 2759 551 2827 sub
578 2760 778 2828 Diocletiano
803 2769 836 2828 et
857 2762 1051 2829 Maximiano
1082 2763 1311 2849 Hispaniarum
1338 2765 1433 2831 Prae-

216 2865 309 2950 sidio,
329 2863 475 2948 ,quando
507 2870 539 2932 et
570 2864 639 2931 eius
671 2864 825 2932 diaeonus
858 2867 891 2933 S.
924 2867 1110 2934 Vincentius
1146 2868 1245 2934 nobili
1281 2869 1433 2954 martyrio

215 2969 462 3056 triumphavit,⁹)
485 2968 644 3055 posterior
666 2969 780 3036 vixerit
803 2970 999 3056 temporibus
1023 2969 1233 3055 Constantini,
1262 2971 1321 3037 sub
1344 2971 1433 3038 euius

215 3071 349 3158 imperio
377 3072 495 3140 dietam
525 3071 690 3159 Synodum
721 3071 917 3140 Eliberinam
939 3074 1096 3140 Baronius
1119 3075 1233 3140 sumsit
1254 3095 1327 3141 esse
1350 3074 1433 3142 cele·

218 3177 353 3242 brutam.
397 3175 496 3242 Auxit
522 3178 552 3242 ei
578 3175 768 3242 Prudentius
800 3175 967 3244 dubitandi
998 3177 1214 3263 occasionem,
1247 3177 1323 3255 dnm
1347 3177 1433 3244 Peri-

221 3280 324 3367 steph.
359 3281 468 3368 hymn.
499 3281 553 3350 lV.
588 3300 690 3365 agens
727 3279 768 3347 de
800 3281 957 3348 ecelesiae
995 3281 1316 3366 Caesaraugustanae
1352 3303 1432 3348 mar-

218 3384 355 3470 tyribus,
378 3383 459 3453 haec
481 3383 522 3452 de
544 3382 711 3512 Vincentio
734 3390 766 3451 et
789 3385 924 3452 Valeriis
950 3385 1144 3472 pluribus:³)

468 3590 562 3676 Inde,
586 3591 749 3676 Vincenti,
773 3599 829 3660 tua
850 3593 960 3679 palma
982 3598 1059 3659 nata
1081 3599 1140 3679 est,

469 3695 581 3762 clerus
604 3695 655 3761 hie
677 3687 800 3763 tantum
821 3696 946 3782 peperit
968 3696 1174 3783 triumphum:

468 3799 529 3865 Hie
550 3799 751 3866 sacerdotum
774 3797 887 3866 domus
910 3800 1046 3868 infulata

706 3903 944 3993 Valeriorum.⁴)
1065 3913 1068 3920 '

322 4110 416 4178 Unde
438 4109 543 4178 adhuc
564 4109 598 4176 in
621 4109 760 4176 editione
783 4109 986 4176 Plantiniana
1006 4131 1038 4198 p.
1054 4111 1097 4178 54
1120 4112 1291 4177 Baronius:
1323 4109 1434 4196 „Haec

133 4223 135 4228 ’
217 4218 359 4300 autem,“
386 4213 505 4300 inquit,
539 4233 631 4300 ,cum
659 4212 778 4298 optimo
801 4214 869 4279 iure
892 4213 955 4278 diei
982 4233 1079 4298 posse
1106 4214 1289 4280 videantur:
1326 4220 1434 4279 tamen

218 4319 294 4403 quia
325 4319 375 4406 (ut
405 4317 601 4406 accepimus)
637 4317 775 4384 ecelesia
811 4318 1112 4402 Caesaraugustana
1148 4340 1211 4385 non
1243 4319 1306 4384 nisi
1337 4338 1433 4384 unum

218 4422 383 4505 cognoscit
404 4421 567 4488 Valerium
590 4421 819 4507 episcopum,⁵)
851 4421 915 4506 ipsi
937 4422 1172 4489 consideranda
1193 4421 1432 4506 relinquimus.“

218 4527 322 4592 Minus
349 4525 454 4592 sobrie
484 4533 516 4593 et
538 4525 632 4593 nimis
659 4524 837 4612 apodictiee
863 4524 984 4592 iudicat
1009 4526 1221 4609 iustinianus,
1256 4527 1306 4592 eui
1335 4547 1431 4610 quum

218 4631 259 4698 de
286 4630 389 4717 primo
417 4629 544 4696 Valerio
573 4649 614 4695 ex
640 4630 720 4697 actis
744 4629 778 4694 S.
801 4629 959 4716 Vincentii
986 4635 1018 4696 et
1044 4628 1085 4696 de
1107 4628 1248 4696 secundo
1277 4649 1317 4696 ex
1339 4650 1434 4715 syno-

219 4735 299 4803 dicis
322 4735 403 4802 actis
430 4738 569 4820 constet,
602 4732 680 4799 nihil
707 4733 882 4800 curandum
909 4732 950 4801 de
972 4733 1096 4801 clericis
1125 4725 1434 4818 Caesaraugustams
