3350 5484
809 397 945 462 22-

219 551 390 618 collatione
428 549 546 617 menda
582 551 816 634 emacularent,
862 548 990 616 veritati
1027 547 1197 614 historicae
1231 567 1293 612 non
1329 537 1432 613 minus

219 674 314 737 quam
345 654 470 736 legibus
502 653 628 721 critices
661 653 773 720 sedulo
805 652 1008 720 satisfacturi.
1055 651 1190 718 Caetera
1215 655 1321 714 autem
1350 671 1432 733 quae

218 764 404 842 repererant
441 758 670 844 Martyrologia
707 778 802 842 quum
840 763 998 824 vetustate
1039 755 1243 822 antecederet
1278 755 1432 838 Martyro-

218 861 338 946 logium
374 863 557 928 monasterii
591 862 624 927 S.
659 862 785 947 Gyriaci
820 863 851 926 in
886 860 1035 927 Thermis
1069 860 1171 924 visum
1205 857 1432 943 Martyrologio

219 964 260 1032 de
291 985 354 1049 quo
387 965 421 1031 S.
453 966 627 1050 Gregorius
660 967 912 1057 M.¹loquitur⁹)
946 963 1053 1048 quoad
1086 961 1226 1028 indolem
1259 961 1347 1027 haud
1377 961 1431 1026 ab·

219 1070 373 1156 simile,³)
397 1091 435 1136 eo
458 1070 628 1152 insigniter
651 1090 787 1136 unacum
809 1071 918 1136 Bedae
941 1090 999 1136 seu
1021 1067 1126 1154 potius
1148 1065 1234 1131 Elcri
1259 1072 1290 1130 et
1309 1064 1431 1131 Adonis

218 1174 454 1258 Martyrologiis
482 1174 531 1240 usi
558 1173 691 1238 suntin
719 1172 915 1240 restituendo
947 1176 1096 1238 contextu
1120 1176 1152 1236 et
1174 1169 1207 1234 iu
1234 1168 1431 1254 corrigendis

218 1279 377 1344 erroribus
414 1277 634 1362 Martyrologii
668 1277 840 1342 Usoardini
878 1276 966 1343 varie
1004 1275 1183 1360 depravati,
1228 1276 1317 1340 cuius
1350 1273 1433 1339 inter

218 1379 357 1458 editores
380 1380 464 1465 plus,
499 1379 616 1446 utilas
639 1387 721 1462 erat,
754 1381 878 1447 Bellino
902 1387 934 1446 et
956 1379 1097 1462 Molano‚
1130 1399 1225 1462 quam
1248 1377 1432 1444 Alexandro

219 1483 259 1548 de
282 1484 474 1569 Pcregriniq
498 1485 683 1570 Maurolyco
706 1492 738 1550 et
760 1485 925 1551 Galesinio
949 1483 1138 1549 detulerunt.
1177 1481 1333 1560 Quoniam
1357 1502 1432 1547 vero

140 1588 143 1594 '
217 1608 308 1653 mens
331 1587 390 1654 fuit
412 1587 533 1654 Summi
560 1587 736 1671 Pontificis‚
771 1595 805 1656 ut
829 1587 1008 1655 universale
1031 1584 1116 1669 quod
1140 1606 1251 1652 ornnes
1275 1586 1435 1652 ecclesiae

217 1691 396 1776 reciperent
429 1691 691 1776 Martyrologium
730 1693 985 1778 promulgaretur
1022 1695 1173 1773 quantum
1206 1689 1275 1755 lieri
1308 1695 1433 1775 poterat

217 1794 419 1861 emendatum
443 1795 536 1861 simul
560 1803 592 1860 et
613 1801 754 1879 auctum,
788 1795 990 1860 Oorrectores
1014 1792 1114 1858 multa
1140 1795 1240 1859 textui
1263 1789 1431 1858 emendato

217 1896 409 1963 addiderunt
442 1898 573 1964 nomina
605 1898 792 1966 Sanctorum
828 1899 997 1984 desumpta
1030 1896 1144 1981 partim
1177 1918 1218 1962 ex
1248 1902 1430 1982 pervetusto

216 2001 399 2085 Menologio
433 2003 556 2070 Graeco
588 2024 608 2068 a
640 2003 798 2070 Guilelmo
832 2001 926 2070 (laud.
966 2001 1081 2067 Sirleto
1117 2000 1266 2066 latinitati
1304 1999 1431 2084 donato,

217 2105 333 2190 partim
357 2127 397 2172 ex
420 2107 518 2173 variis
541 2107 600 2175 SS.
623 2109 753 2174 Patrum
777 2107 926 2194 operibus
950 2111 982 2171 et
1004 2104 1147 2190 inprimis
1171 2124 1212 2169 ex
1235 2103 1268 2170 S.
1285 2104 1432 2188 Gregorii

217 2210 326 2294 Papae
349 2209 558 2292 Dialogornm
580 2211 683 2294 libris,
712 2232 791 2294 quos
814 2211 961 2277 Ecclesia
982 2209 1191 2276 occidentalis
1214 2218 1247 2275 et
1269 2209 1431 2276 orientalis

216 2333 389 2396 numquam
412 2335 474 2378 uon
498 2333 623 2380 summa
649 2315 713 2382 fide
741 2315 968 2397 immensisque
999 2314 1147 2379 laudibus
1178 2321 1226 2379 est
1253 2319 1431 2398 prosecuta,

217 2417 332 2503 partim
356 2416 493 2500 denique
516 2440 557 2485 ex
581 2419 702 2502 aliquot
724 2418 837 2484 Italiae
863 2418 1053 2504 pracsertim
1080 2417 1287 2485 ecclesiarum
1315 2417 1431 2484 tabuIIs

218 2541 257 2586 ac
280 2521 500 2588 monumentis.

328 2833 345 2902 ¹)
364 2834 505 2888 Ramencr
522 2835 549 2890 le
566 2835 762 2905 Martyrologe
781 2836 799 2890 a
816 2837 845 2890 la
863 2837 955 2891 verite
973 2838 1009 2892 dc
1022 2837 1169 2906 l’histoire,
1188 2853 1260 2892 avec
1279 2837 1364 2890 l’aide
1383 2836 1433 2890 des

219 2921 388 2975 manuscrits
412 2921 454 2977 les
471 2921 536 2991 plus
559 2923 674 2978 anciens
698 2927 726 2978 et
743 2923 785 2978 les
808 2923 874 2993 plus
898 2929 1038 2995 correcte,
1065 2925 1136 2980 etait
1154 2924 1240 2978 chose
1258 2923 1276 2978 a
1294 2939 1350 2992 peu
1367 2923 1433 2991 pres

217 3007 383 3076 impossible
402 3007 420 3062 a
438 3012 512 3062 cette
535 3011 659 3079 epoque,
686 3010 723 3086 ⁰l
741 3010 800 3066 l'on
823 3012 1008 3082 commenqait
1026 3011 1044 3066 a
1063 3011 1204 3066 defricher
1226 3011 1252 3065 le
1275 3010 1375 3079 champ
1397 3010 1432 3064 de

219 3093 454 3163 l'hagiographie.
491 3092 645 3166 (Malagma
663 3096 680 3150 l.
700 3113 723 3151 c.
742 3114 769 3165 p.
789 3096 859 3164 142.)

323 3178 345 3247 ¹)
363 3179 392 3232 in
410 3179 514 3234 celebri
536 3180 657 3248 epistola
680 3184 718 3236 ad
742 3179 904 3253 Eulogium
923 3182 1154 3238 Alexandrinum.
1180 3178 1211 3238 S.
1232 3177 1373 3253 Gregorii
1391 3179 1432 3236 M.

218 3264 307 3333 Epist.
317 3265 378 3319 Lib.
389 3264 467 3319 VIII.
486 3266 547 3321 Ind.
558 3266 580 3320 I.
599 3267 651 3335 Ep.
660 3268 703 3322 29.
722 3268 792 3337 Opp.
805 3269 848 3323 ed.
859 3266 969 3341 Magne.
988 3271 1051 3324 Par.
1060 3270 1135 3324 1849.
1149 3269 1285 3324 Tom.IIl.
1299 3287 1325 3338 p.
1333 3269 1385 3323 930
1391 3284 1432 3336 sq.

218 3351 306 3418 („N0s
332 3367 404 3420 pene
430 3351 552 3405 omnium
582 3357 747 3426 martyrum¹
765 3355 904 3434 distipctis
930 3374 982 3426 per
1009 3358 1069 3412 dies
1096 3357 1223 3426 singulos
1252 3355 1432 3425 passionibus

218 3437 340 3492 collecta
352 3437 381 3490 in
393 3453 450 3491 uno
464 3437 569 3493 Codice
587 3439 700 3493 nomina
718 3440 865 3513 habemus,
883 3448 969 3512 atque
988 3443 1162 3512 quotidianis
1181 3444 1281 3498 diebus
1294 3443 1322 3496 in
1335 3457 1432 3512 corum

220 3523 405 3577 veneratione
429 3524 577 3578 missarum
602 3525 738 3580 solemnia
760 3528 878 3598 agu'mus.
914 3531 978 3584 Non
1002 3534 1095 3583 tamen
1118 3529 1146 3582 in
1166 3531 1265 3584 codem
1289 3527 1432 3583 volumine

219 3609 281 3678 quis
300 3609 422 3678 qualiter
441 3610 478 3664 sit
495 3626 598 3680 passus
617 3612 772 3686 indicatur,
801 3616 851 3670 sed
869 3617 1064 3671 tantummodo
1083 3632 1199 3685 nomen,
1226 3616 1307 3669 locus
1326 3619 1354 3669 et
1372 3614 1433 3668 dies
1458 3625 1461 3632 '

218 3695 359 3764 passionis
382 3697 505 3765 ponitur.
540 3697 622 3752 Unde
640 3697 680 3769 fit,
706 3705 739 3754 ut
755 3702 835 3756 multi
858 3718 892 3756 ex
911 3703 1032 3757 diversis
1055 3704 1137 3758 ter-uls
1164 3707 1251 3772 atque
1278 3700 1433 3770 provinciis

218 3797 270 3850 per
288 3782 358 3852 dies,
376 3787 408 3837 ut
425 3783 561 3853 praedixi,
583 3783 710 3855 singulos
729 3795 941 3859 cognoscantur
957 3791 1094 3860 martyrio
1113 3790 1250 3845 coronati.
1287 3787 1343 3842 Sed
1361 3786 1433 3840 haec

221 3867 329 3922 habere
350 3885 404 3923 vos
426 3869 605 3924 beatissimos
623 3873 799 3942 credimus“).
827 3875 883 3930 Otr.
903 3874 1004 3943 Krull,
1024 3877 1134 3932 Christi.
1155 3875 1436 3931 Alterthumskunde.

218 3955 250 4008 T.
269 3954 291 4008 I.
311 3956 464 4026 (Regensb.
483 3957 561 4024 1856)
580 3975 607 4027 p.
626 3959 677 4013 427
696 3976 737 4030 sq.

323 4040 344 4108 ³)
364 4041 563 4098 Restituuntur
587 4044 671 4099 iidem
695 4048 742 4115 (ss.
761 4052 901 4118 martyres
919 4050 1035 4119 Paulus,
1057 4049 1161 4105 Lucius
1180 4053 1208 4104 et
1226 4049 1374 4119 Cyriacus)
1399 4066 1434 4105 ex

218 4130 275 4180 vet.
299 4142 439 4182 manuscr.
461 4130 668 4200 Martyrologio
689 4135 852 4188 monasterii
876 4135 904 4190 S.
923 4135 1042 4205 Syriaci.
1079 4136 1133 4191 Ubi
1153 4152 1215 4189 cum
1238 4152 1289 4190 nco
1314 4140 1433 4206 tempus,

219 4229 276 4281 quo
303 4213 381 4282 passi
405 4219 470 4270 sunt
491 4215 519 4272 hi
541 4218 589 4272 vel
617 4217 664 4271 alii
689 4219 736 4287 qui
763 4219 867 4274 ibidem
894 4219 1035 4275 habentur
1062 4227 1215 4292 martyres,
1246 4223 1432 4290 exprimatur3

219 4299 281 4367 quis
308 4296 403 4354 mirari
426 4318 484 4355 non
507 4303 604 4374 debet3
636 4321 700 4358 nam
724 4305 751 4360 S.
775 4305 931 4375 Gregorius
956 4307 1037 4376 Papa
1059 4310 1096 4364 ad
1121 4309 1271 4379 Eulogium
1298 4308 1433 4378 scribens,

219 4385 285 4438 dum
304 4386 339 4440 de
357 4386 486 4470 Romano
504 4389 711 4460 Martyrologio
730 4392 808 4460 quod
825 4393 888 4447 usui
908 4399 978 4464 erat,
996 4395 1136 4465 meminit3
1166 4395 1206 4449 ait
1223 4395 1349 4464 uomina,
1366 4395 1433 4448 loca

219 4475 247 4526 et
265 4471 338 4526 diem
361 4473 502 4542 passionis
520 4475 549 4528 in
567 4491 601 4531 eo
620 4477 715 4544 posita
736 4477 848 4549 haberi,
876 4480 911 4535 de
933 4485 1061 4550 tempore
1089 4486 1183 4538 autem
1211 4480 1278 4536 nihil
1303 4485 1433 4537 testatur.

219 4556 343 4634 (Barca.
361 4560 426 4624 Not·
448 4576 474 4624 a·
492 4562 528 4622 M.
546 4561 628 4616 Febr.
647 4565 682 4630 8.)
