3350 5484
796 771 872 854 IX.

335 1041 427 1120 Quod
454 1065 475 1108 a
502 1045 617 1109 Sirleto
649 1051 815 1130 cooptatus
845 1045 965 1110 Caesar
996 1045 1153 1111 Batonius
1180 1045 1213 1110 in
1241 1044 1443 1110 consultatio-

230 1147 323 1211 nibus
355 1169 429 1212 mox
460 1147 546 1232 apud
582 1148 724 1230 collegas
764 1149 958 1232 singularem
993 1150 1054 1214 sihi
1088 1147 1304 1214 conciliaverit
1336 1149 1443 1212 obser·

231 1250 386 1332 varitiam,
406 1251 536 1316 ‘mirum
568 1251 601 1316 id
633 1251 733 1317 videri
768 1253 888 1335 nequit.
942 1253 1022 1318 Inde
1053 1256 1138 1318 enim
1172 1275 1211 1319 ex
1244 1274 1327 1318 anno
1348 1255 1444 1318 ’1560

232 1353 265 1416 S.
289 1353 426 1440 Philippi
450 1355 549 1439 Nerii,
574 1355 747 1441 spiritualis
771 1357 855 1421 vitae
878 1356 1037 1440 magistri,
1070 1358 1198 1424 monitis
1221 1356 1263 1421 ad
1285 1355 1444 1424 Ecclesia-

225 1457 329 1522 sticas
357 1457 505 1523 historias
531 1459 564 1524 in
587 1459 732 1526 Oratorio
757 1461 789 1525 S.
814 1461 1000 1546 Hieronymi
1033 1461 1229 1526 enarrandas
1263 1459 1444 1547 compulsus

233 1567 264 1626 et
286 1561 374 1646 operi
398 1563 566 1627 Annalium
591 1563 784 1630 exstruendo
807 1563 948 1648 deditus,
966 1566 989 1651 ¹)
1012 1572 1069 1649 per
1092 1565 1155 1630 duo
1178 1563 1334 1629 decennia
1356 1563 1445 1627 nohi-

231 1665 423 1730 lissimarum
447 1667 543 1734 Urbis
566 1666 841 1752 bibliothecarum,
870 1670 1057 1755 praesertim
1081 1689 1156 1734 vero
1179 1667 1354 1734 Vaticanae
1378 1673 1444 1729 tan-

232 1788 328 1851 quam
359 1769 509 1836 ditissimi
538 1791 641 1836 rerum
675 1771 874 1854 antiquarum
906 1771 1128 1856 promptuarii,
1165 1771 1301 1852 angulos
1332 1767 1444 1834 lustra·

231 1877 334 1956 verat,
370 1873 469 1939 libros
491 1880 557 1938 tam
580 1895 675 1941 manu
699 1882 848 1941 exaratos
877 1896 972 1958 quam
996 1877 1081 1960 typis
1105 1873 1207 1940 editos
1237 1873 1445 1957 inprimisque

233 1975 292 2040 SS.
316 1977 446 2042 Patrum
468 1977 630 2044 volumina
653 1986 800 2045 accurate
823 1980 1034 2064 pervolvcrat,
1060 1979 1124 2042 imo
1148 1997 1188 2042 ex
1210 1977 1290 2062 ipsis
1314 1975 1444 2060 cryptis

232 2079 406 2164 lapidibus,
442 2081 684 2148 numismatibus
713 2083 922 2166 omnibusque
949 2081 1147 2164 antiquitatis
1169 2067 1296 2146 Rornae
1318 2085 1445 2144 exstan-

233 2184 318 2250 tibus
352 2187 579 2252 monumentis.
603 2187 753 2252 latentem
791 2207 895 2252 rerum
930 2186 1073 2251 notitiam
1110 2185 1375 2268 investigaverat,
1414 2181 1446 2244 in

233 2288 471 2356 ecclesiasticae
493 2289 645 2356 historiae
667 2291 801 2356 veritate
822 2289 1016 2356 invenienda
1031 2309 1069 2354 ae
1085 2287 1277 2354 stabilienda
1300 2291 1445 2350 exactam

199 2394 201 2398 ’
232 2391 346 2458 iudicis
373 2380 558 2475 aequissimi
584 2397 734 2460 trutinam
761 2393 963 2478 adhibuerat,
977 2393 1005 2480 ⁹)
1041 2391 1291 2460 Centuriatorum
1315 2387 1446 2470 Magde-

234 2484 439 2578 burgensium
462 2497 607 2564 fallacias
631 2499 857 2564 confutaturus.
903 2498 1041 2564 Primum
1065 2504 1171 2563 autem
1199 2493 1446 2580 operosissimae

234 2599 404 2664 Annalium
436 2601 529 2667 molis
557 2608 691 2684 tomum,
726 2604 779 2686 qui
803 2623 887 2668 auno
911 2601 1039 2668 denium
1064 2605 1147 2669 1588
1174 2599 1259 2686 typis
1282 2595 1446 2663 Vaticanis

235 2701 360 2788 prodiit,
383 2703 446 2768 iam
470 2725 581 2771 mense
605 2705 704 2792 Aprili
727 2729 757 2772 a.
780 2709 863 2773 1519
887 2712 1068 2771 contextum
1092 2705 1191 2770 fuisse
1214 2710 1246 2769 et
1268 2699 1447 2768 ahsolutum

235 2806 405 2890 constatt)
437 2807 559 2874 Eodem
580 2830 673 2893 porro
694 2830 778 2874 anno
794 2829 855 2891 quo
871 2810 913 2875 ad
928 2810 1188 2895 Martyrologium
1212 2801 1447 2873 reformandum

235 2931 306 2976 oum
322 2911 393 2976 aliis
404 2931 423 2976 a
433 2912 550 2978 Sirleto
567 2919 615 2980 est
630 2914 827 2998 designatus,
845 2915 999 2980 Baronius
1015 2935 1079 2979 non
1095 2913 1196 2978 solum
1213 2906 1449 2976 Gommentaria

234 3014 267 3078 in
283 3015 364 3080 Acta
378 3015 602 3099 Apostolorum
612 3017 625 3054 ⁴
621 3015 640 3103 )
665 3017 914 3102 elucubraverat,
938 3018 997 3084 sed
1017 3018 1112 3084 etiam
1129 3016 1234 3082 Vitam
1251 3015 1284 3079 S.
1302 3009 1449 3094 Gregorii

235 3118 431 3184 Nazianzeni
454 3141 473 3184 a
496 3137 532 3185 se
555 3120 798 3206 conscriptam⁵)
823 3120 977 3204 Gregorio
997 3122 1087 3187 Xlll.
1111 3117 1318 3202 dicaveratl)

346 3397 364 3467 ¹)
382 3395 489 3468 Faber,
515 3400 575 3454 Das
596 3401 692 3456 Leben
715 3401 765 3456 des
784 3401 906 3471 heiligen
929 3402 1042 3472 Philipp
1062 3401 1138 3456 Neri.
1174 3401 1208 3455 D.
1226 3416 1284 3454 von
1303 3398 1449 3468 Reichiug.

237 3485 426 3556 Regeusburg
444 3487 519 3542 1859.
539 3505 567 3556 p.
585 3489 619 3542 65
637 3504 678 3557 sq.
856 3478 857 3482 ¹

343 3571 363 3640 ²)
389 3571 445 3626 Gir.
476 3569 569 3628 Oodd.
602 3571 706 3629 Vatttc.
743 3575 773 3640 Q.
793 3577 817 3631 7.
854 3575 939 3645 (Ordo
968 3576 1015 3644 qui
1042 3574 1201 3628 servandus
1228 3571 1399 3642 proponitur
1421 3571 1450 3624 in

238 3657 364 3712 Historia
390 3659 592 3714 Ecclesiastica
617 3662 851 3732 pervestiganda)
879 3666 907 3716 et
926 3661 956 3726 Q.
975 3664 992 3715 8
1019 3660 1203 3729 (Adnotanda
1220 3677 1272 3729 pro
1292 3659 1451 3713 Annalibus

238 3743 445 3800 Ecclesiasticis
464 3747 667 3815 contexendis).
1207 3761 1212 3772 ·

343 3831 364 3900 ³)
383 3832 445 3886 Mel.
463 3833 544 3886 Rom.
562 3833 698 3888 Mentissa
719 3851 746 3903 p.
765 3835 824 3889 353.
1118 3864 1122 3868 ·

346 3918 366 3986 ⁴)
387 3915 480 3974 Oodd.
506 3917 610 3975 Vollic.
630 3921 661 3986 Q.
679 3923 720 3976 36.
739 3923 781 3976 37.
799 3921 950 3976 Anecdota
968 3922 1119 3976 Barouian.
1138 3937 1164 3988 p.
1182 3921 1241 3972 278.

344 4003 365 4073 ⁵)
387 4000 459 4060 Ocu.
487 4003 592 4061 Vallis.
621 4007 651 4072 Q.
669 4009 712 4063 34.
752 4006 893 4063 Bollcud.
919 4009 994 4062 Acta
1017 4007 1066 4062 SS.
1094 4008 1118 4060 9.
1137 4006 1211 4060 Maii.
1249 4003 1306 4058 Gfr.
1325 4001 1358 4061 S.
1379 4000 1451 4060 Gra·
1531 4030 1533 4034 ·

239 4086 319 4160 perii
339 4089 433 4146 Theoi.
452 4093 522 4162 Opp.
541 4094 584 4147 ed.
603 4084 753 4164 Mt'pne.'l.
774 4095 822 4148 147
841 4111 881 4164 sq.

347 4178 367 4247 ⁶)
389 4177 495 4253 Rapm.
524 4178 689 4236 Albericc'us
716 4183 738 4251 I,
767 4183 816 4235 165
840 4197 881 4249 sq.
918 4181 973 4235 Gfr.
1001 4179 1113 4233 Boron.
1138 4180 1166 4233 in
1188 4181 1252 4236 Not.
1273 4196 1298 4234 a.
1318 4181 1399 4234 Mart.
1425 4180 1451 4233 d.

241 4267 265 4319 9.
284 4266 363 4320 Maii:
395 4267 438 4332 ,S.
457 4267 589 4338 Gregorii
612 4270 698 4337 episc.
722 4269 790 4322 Nan.
813 4267 916 4334 Vitam,
944 4265 1040 4319 amicis
1069 4264 1299 4336 efflagitantibus,
1328 4266 1452 4335 descrip-

242 4351 342 4406 simus:
361 4370 445 4422 quam
464 4355 578 4410 Summo
597 4355 726 4410 Pontifici
745 4355 772 4410 S.
786 4355 820 4407 D.
833 4355 866 4407 N.
881 4351 1025 4424 ,Gregorio
1045 4349 1124 4407 XIII.
1144 4355 1215 4408 tanti
1235 4354 1327 4407 Patris
1344 4353 1451 4406 studio-

163 4453 165 4458 ·
242 4439 351 4494 sissimo
370 4440 531 4512 obtulimus,
549 4459 583 4496 eo
596 4443 772 4511 potissimum
789 4445 925 4508 tempore,
943 4455 999 4507 quo
1013 4439 1060 4493 ille
1073 4439 1161 4493 totius
1174 4437 1258 4492 Urbis
1278 4438 1452 4494 exultatione

243 4527 452 4582 celeberrimam
480 4530 608 4598 corporis
635 4531 695 4584 eius
722 4545 740 4583 a
767 4542 912 4582 sacrarum
940 4526 1084 4596 virginum
1114 4525 1225 4580 Ordinis
1252 4525 1279 4580 S.
1305 4525 1452 4580 Benedicti

242 4615 416 4669 monasterio
444 4615 472 4668 in
500 4631 601 4682 eampo
627 4615 729 4669 Martio
757 4614 794 4668 ad
822 4613 1029 4683 Gregorianum
1063 4613 1197 4668 sacellum
1227 4612 1453 4681 praeclarissimo

244 4717 330 4770 opere
357 4717 392 4754 ac
417 4701 539 4756 maxima
564 4701 691 4769 impensa
716 4701 744 4754 in
770 4700 910 4756 Vaticana
940 4700 1059 4755 basilica
1088 4699 1223 4768 principis
1249 4699 1453 4768 Apostolorum

244 4792 426 4862 exstructum,
444 4788 810 4872 translationempercgit.“
