<?xml version="1.0" encoding="UTF-8"?>
<!DOCTYPE html PUBLIC "-//W3C//DTD XHTML 1.0 Transitional//EN"
    "http://www.w3.org/TR/xhtml1/DTD/xhtml1-transitional.dtd">
<html xmlns="http://www.w3.org/1999/xhtml" xml:lang="en" lang="en">
 <head>
  <title>
</title>
<meta http-equiv="Content-Type" content="text/html;charset=utf-8" />
  <meta name='ocr-system' content='tesseract 3.04.00' />
  <meta name='ocr-capabilities' content='ocr_page ocr_carea ocr_par ocr_line ocrx_word'/>
</head>
<body>
  <div class='ocr_page' id='page_1' title='image "./demartyrologior00laemgoog_0026.png"; bbox 0 0 3350 5484; ppageno 0'>
   <div class='ocr_carea' id='block_1_1' title="bbox 848 409 887 471">
    <p class='ocr_par' dir='ltr' id='par_1_1' title="bbox 848 409 887 471">
     <span class='ocr_line' id='line_1_1' title="bbox 848 409 887 471; baseline 0 0"><span class='ocrx_word' id='word_1_1' title='bbox 848 409 887 471; x_wconf 83' lang='lat'>21</span> 
     </span>
    </p>
   </div>
   <div class='ocr_carea' id='block_1_2' title="bbox 257 562 1472 854">
    <p class='ocr_par' dir='ltr' id='par_1_2' title="bbox 257 562 1472 854">
     <span class='ocr_line' id='line_1_2' title="bbox 257 562 1472 648; baseline 0.002 -22"><span class='ocrx_word' id='word_1_2' title='bbox 257 567 364 628; x_wconf 88' lang='lat' dir='ltr'>tamen</span> <span class='ocrx_word' id='word_1_3' title='bbox 403 582 483 648; x_wconf 91' lang='lat' dir='ltr'>opus</span> <span class='ocrx_word' id='word_1_4' title='bbox 519 562 644 630; x_wconf 90' lang='lat' dir='ltr'>romani</span> <span class='ocrx_word' id='word_1_5' title='bbox 682 581 832 629; x_wconf 80' lang='lat' dir='ltr'><strong>censores</strong></span> <span class='ocrx_word' id='word_1_6' title='bbox 869 562 1001 629; x_wconf 90' lang='lat' dir='ltr'>minime</span> <span class='ocrx_word' id='word_1_7' title='bbox 1037 567 1234 648; x_wconf 88' lang='lat' dir='ltr'>accuratum,</span> <span class='ocrx_word' id='word_1_8' title='bbox 1277 563 1341 628; x_wconf 91' lang='lat' dir='ltr'>imo</span> <span class='ocrx_word' id='word_1_9' title='bbox 1377 562 1472 628; x_wconf 88' lang='lat' dir='ltr'>valde</span> 
     </span>
     <span class='ocr_line' id='line_1_3' title="bbox 257 663 1471 753; baseline 0.002 -23"><span class='ocrx_word' id='word_1_10' title='bbox 257 663 458 748; x_wconf 81' lang='lat' dir='ltr'>negligenter</span> <span class='ocrx_word' id='word_1_11' title='bbox 480 665 693 752; x_wconf 88' lang='lat' dir='ltr'>conscriptum</span> <span class='ocrx_word' id='word_1_12' title='bbox 716 666 878 750; x_wconf 87' lang='lat' dir='ltr'>nimiaque</span> <span class='ocrx_word' id='word_1_13' title='bbox 899 686 958 732; x_wconf 89' lang='lat' dir='ltr'>sua</span> <span class='ocrx_word' id='word_1_14' title='bbox 973 666 1155 752; x_wconf 76' lang='lat' dir='ltr'>prolixitate</span> <span class='ocrx_word' id='word_1_15' title='bbox 1178 686 1308 751; x_wconf 90' lang='lat' dir='ltr'>prorsus</span> <span class='ocrx_word' id='word_1_16' title='bbox 1330 665 1471 753; x_wconf 88' lang='lat' dir='ltr'>ineptum</span> 
     </span>
     <span class='ocr_line' id='line_1_4' title="bbox 257 765 527 854; baseline 0.004 -23"><span class='ocrx_word' id='word_1_17' title='bbox 257 765 527 854; x_wconf 76' lang='lat' dir='ltr'>indicaverunt.⁶)</span> 
     </span>
    </p>
   </div>
   <div class='ocr_carea' id='block_1_3' title="bbox 257 1026 1475 2652">
    <p class='ocr_par' dir='ltr' id='par_1_3' title="bbox 257 1026 1474 1705">
     <span class='ocr_line' id='line_1_5' title="bbox 369 1026 1471 1100; baseline 0.002 -20"><span class='ocrx_word' id='word_1_18' title='bbox 369 1027 386 1094; x_wconf 87' lang='lat'>¹)</span> <span class='ocrx_word' id='word_1_19' title='bbox 404 1026 579 1098; x_wconf 85' lang='lat' dir='ltr'>Notandum,</span> <span class='ocrx_word' id='word_1_20' title='bbox 608 1028 684 1098; x_wconf 87' lang='lat' dir='ltr'>quod</span> <span class='ocrx_word' id='word_1_21' title='bbox 711 1029 778 1084; x_wconf 90' lang='lat' dir='ltr'>licet</span> <span class='ocrx_word' id='word_1_22' title='bbox 804 1029 884 1085; x_wconf 91' lang='lat' dir='ltr'>multi</span> <span class='ocrx_word' id='word_1_23' title='bbox 911 1029 1041 1084; x_wconf 85' lang='lat' dir='ltr'>dederint</span> <span class='ocrx_word' id='word_1_24' title='bbox 1063 1044 1178 1100; x_wconf 91' lang='lat' dir='ltr'>operam</span> <span class='ocrx_word' id='word_1_25' title='bbox 1201 1029 1239 1083; x_wconf 90' lang='lat' dir='ltr'>ad</span> <span class='ocrx_word' id='word_1_26' title='bbox 1264 1028 1471 1098; x_wconf 81' lang='lat' dir='ltr'>compilandam</span> 
     </span>
     <span class='ocr_line' id='line_1_6' title="bbox 258 1112 1473 1186; baseline 0.002 -21"><span class='ocrx_word' id='word_1_27' title='bbox 258 1112 505 1183; x_wconf 86' lang='lat' dir='ltr'>Martyrclogium,</span> <span class='ocrx_word' id='word_1_28' title='bbox 532 1119 626 1168; x_wconf 89' lang='lat' dir='ltr'>tamen</span> <span class='ocrx_word' id='word_1_29' title='bbox 648 1119 707 1170; x_wconf 89' lang='lat' dir='ltr'>tres</span> <span class='ocrx_word' id='word_1_30' title='bbox 728 1117 843 1170; x_wconf 87' lang='lat' dir='ltr'>fuerunt</span> <span class='ocrx_word' id='word_1_31' title='bbox 866 1117 914 1185; x_wconf 93' lang='lat' dir='ltr'>qui</span> <span class='ocrx_word' id='word_1_32' title='bbox 938 1115 1093 1186; x_wconf 85' lang='lat' dir='ltr'>praecipue</span> <span class='ocrx_word' id='word_1_33' title='bbox 1112 1130 1184 1184; x_wconf 91' lang='lat' dir='ltr'>opus</span> <span class='ocrx_word' id='word_1_34' title='bbox 1202 1114 1362 1169; x_wconf 91' lang='lat' dir='ltr'>huiusmodi</span> <span class='ocrx_word' id='word_1_35' title='bbox 1386 1115 1473 1170; x_wconf 87' lang='lat' dir='ltr'>tradi-</span> 
     </span>
     <span class='ocr_line' id='line_1_7' title="bbox 259 1199 1474 1272; baseline 0.004 -21"><span class='ocrx_word' id='word_1_36' title='bbox 259 1199 367 1254; x_wconf 86' lang='lat' dir='ltr'>derunt.</span> <span class='ocrx_word' id='word_1_37' title='bbox 404 1199 513 1254; x_wconf 85' lang='lat' dir='ltr'>Primus</span> <span class='ocrx_word' id='word_1_38' title='bbox 532 1200 585 1256; x_wconf 87' lang='lat' dir='ltr'>fuit</span> <span class='ocrx_word' id='word_1_39' title='bbox 603 1201 792 1272; x_wconf 80' lang='lat' dir='ltr'>Hieronymus</span> <span class='ocrx_word' id='word_1_40' title='bbox 811 1243 843 1257; x_wconf 92' lang='lat'>..</span> <span class='ocrx_word' id='word_1_41' title='bbox 880 1201 1028 1258; x_wconf 75' lang='lat' dir='ltr'>Secundus</span> <span class='ocrx_word' id='word_1_42' title='bbox 1051 1201 1104 1256; x_wconf 88' lang='lat' dir='ltr'>fuit</span> <span class='ocrx_word' id='word_1_43' title='bbox 1121 1202 1202 1256; x_wconf 89' lang='lat' dir='ltr'>Beda</span> <span class='ocrx_word' id='word_1_44' title='bbox 1220 1242 1253 1257; x_wconf 92' lang='lat'>..</span> <span class='ocrx_word' id='word_1_45' title='bbox 1289 1201 1402 1256; x_wconf 85' lang='lat' dir='ltr'>Tertius</span> <span class='ocrx_word' id='word_1_46' title='bbox 1420 1201 1474 1256; x_wconf 86' lang='lat' dir='ltr'>fuit</span> 
     </span>
     <span class='ocr_line' id='line_1_8' title="bbox 259 1284 1473 1357; baseline 0.003 -19"><span class='ocrx_word' id='word_1_47' title='bbox 259 1284 405 1340; x_wconf 88' lang='lat' dir='ltr'>Usuardus</span> <span class='ocrx_word' id='word_1_48' title='bbox 424 1286 587 1357; x_wconf 89' lang='lat' dir='ltr'>monachus,</span> <span class='ocrx_word' id='word_1_49' title='bbox 607 1288 687 1342; x_wconf 87' lang='lat' dir='ltr'>cuius</span> <span class='ocrx_word' id='word_1_50' title='bbox 705 1303 777 1357; x_wconf 89' lang='lat' dir='ltr'>opus</span> <span class='ocrx_word' id='word_1_51' title='bbox 797 1289 888 1356; x_wconf 84' lang='lat' dir='ltr'>magis</span> <span class='ocrx_word' id='word_1_52' title='bbox 906 1288 1028 1344; x_wconf 90' lang='lat' dir='ltr'>habetur</span> <span class='ocrx_word' id='word_1_53' title='bbox 1046 1289 1074 1343; x_wconf 90' lang='lat' dir='ltr'>in</span> <span class='ocrx_word' id='word_1_54' title='bbox 1092 1304 1146 1342; x_wconf 91' lang='lat' dir='ltr'>usu</span> <span class='ocrx_word' id='word_1_55' title='bbox 1164 1287 1242 1356; x_wconf 90' lang='lat' dir='ltr'>apud</span> <span class='ocrx_word' id='word_1_56' title='bbox 1260 1287 1364 1342; x_wconf 91' lang='lat' dir='ltr'>multas</span> <span class='ocrx_word' id='word_1_57' title='bbox 1376 1288 1473 1342; x_wconf 87' lang='lat' dir='ltr'>Eccle-</span> 
     </span>
     <span class='ocr_line' id='line_1_9' title="bbox 258 1370 1473 1446; baseline 0.004 -22"><span class='ocrx_word' id='word_1_58' title='bbox 258 1370 326 1426; x_wconf 90' lang='lat' dir='ltr'>sias:</span> <span class='ocrx_word' id='word_1_59' title='bbox 354 1387 427 1441; x_wconf 89' lang='lat' dir='ltr'>quae</span> <span class='ocrx_word' id='word_1_60' title='bbox 452 1372 536 1426; x_wconf 90' lang='lat' dir='ltr'>ctiam</span> <span class='ocrx_word' id='word_1_61' title='bbox 559 1373 713 1428; x_wconf 87' lang='lat' dir='ltr'>creduntur</span> <span class='ocrx_word' id='word_1_62' title='bbox 740 1373 837 1444; x_wconf 90' lang='lat' dir='ltr'>aliqua</span> <span class='ocrx_word' id='word_1_63' title='bbox 864 1375 926 1430; x_wconf 91' lang='lat' dir='ltr'>eius</span> <span class='ocrx_word' id='word_1_64' title='bbox 947 1376 1027 1446; x_wconf 91' lang='lat' dir='ltr'>operi</span> <span class='ocrx_word' id='word_1_65' title='bbox 1048 1377 1077 1429; x_wconf 92' lang='lat' dir='ltr'>in</span> <span class='ocrx_word' id='word_1_66' title='bbox 1100 1373 1171 1429; x_wconf 88' lang='lat' dir='ltr'>locis</span> <span class='ocrx_word' id='word_1_67' title='bbox 1198 1373 1287 1428; x_wconf 86' lang='lat' dir='ltr'>variis</span> <span class='ocrx_word' id='word_1_68' title='bbox 1314 1373 1473 1430; x_wconf 87' lang='lat' dir='ltr'>addidisse:</span> 
     </span>
     <span class='ocr_line' id='line_1_10' title="bbox 257 1457 1474 1530; baseline 0.007 -21"><span class='ocrx_word' id='word_1_69' title='bbox 257 1457 410 1526; x_wconf 91' lang='lat' dir='ltr'>praecipue</span> <span class='ocrx_word' id='word_1_70' title='bbox 437 1457 472 1512; x_wconf 94' lang='lat' dir='ltr'>de</span> <span class='ocrx_word' id='word_1_71' title='bbox 499 1459 605 1513; x_wconf 89' lang='lat' dir='ltr'>sanctis</span> <span class='ocrx_word' id='word_1_72' title='bbox 632 1465 661 1514; x_wconf 90' lang='lat' dir='ltr'>et</span> <span class='ocrx_word' id='word_1_73' title='bbox 688 1459 768 1514; x_wconf 88' lang='lat' dir='ltr'>festis</span> <span class='ocrx_word' id='word_1_74' title='bbox 794 1461 1000 1530; x_wconf 89' lang='lat' dir='ltr'>pertinentibus</span> <span class='ocrx_word' id='word_1_75' title='bbox 1031 1460 1069 1514; x_wconf 87' lang='lat' dir='ltr'>ad</span> <span class='ocrx_word' id='word_1_76' title='bbox 1097 1459 1219 1514; x_wconf 91' lang='lat' dir='ltr'>easdem.</span> <span class='ocrx_word' id='word_1_77' title='bbox 1261 1460 1298 1514; x_wconf 85' lang='lat' dir='ltr'>Bt</span> <span class='ocrx_word' id='word_1_78' title='bbox 1320 1459 1404 1516; x_wconf 90' lang='lat' dir='ltr'>huius</span> <span class='ocrx_word' id='word_1_79' title='bbox 1431 1466 1474 1516; x_wconf 89' lang='lat' dir='ltr'>est</span> 
     </span>
     <span class='ocr_line' id='line_1_11' title="bbox 258 1539 1473 1616; baseline 0.004 -20"><span class='ocrx_word' id='word_1_80' title='bbox 258 1543 493 1612; x_wconf 86' lang='lat' dir='ltr'>Martyrologium</span> <span class='ocrx_word' id='word_1_81' title='bbox 515 1545 661 1615; x_wconf 90' lang='lat' dir='ltr'>scriptum,</span> <span class='ocrx_word' id='word_1_82' title='bbox 690 1545 767 1614; x_wconf 90' lang='lat' dir='ltr'>quod</span> <span class='ocrx_word' id='word_1_83' title='bbox 789 1563 843 1600; x_wconf 91' lang='lat' dir='ltr'>nos</span> <span class='ocrx_word' id='word_1_84' title='bbox 861 1563 913 1615; x_wconf 92' lang='lat' dir='ltr'>pro</span> <span class='ocrx_word' id='word_1_85' title='bbox 932 1539 1039 1602; x_wconf 83' lang='lat' dir='ltr'>maiori</span> <span class='ocrx_word' id='word_1_86' title='bbox 1050 1551 1133 1616; x_wconf 88' lang='lat' dir='ltr'>parte</span> <span class='ocrx_word' id='word_1_87' title='bbox 1157 1545 1287 1600; x_wconf 85' lang='lat' dir='ltr'>duximus</span> <span class='ocrx_word' id='word_1_88' title='bbox 1313 1546 1473 1616; x_wconf 88' lang='lat' dir='ltr'>eligendum</span> 
     </span>
     <span class='ocr_line' id='line_1_12' title="bbox 259 1629 1356 1705; baseline 0.002 -23"><span class='ocrx_word' id='word_1_89' title='bbox 259 1631 287 1682; x_wconf 92' lang='lat' dir='ltr'>ct</span> <span class='ocrx_word' id='word_1_90' title='bbox 304 1645 373 1697; x_wconf 90' lang='lat' dir='ltr'>prae</span> <span class='ocrx_word' id='word_1_91' title='bbox 392 1631 455 1684; x_wconf 91' lang='lat' dir='ltr'>aliis</span> <span class='ocrx_word' id='word_1_92' title='bbox 473 1631 631 1685; x_wconf 90' lang='lat' dir='ltr'>tenendum.</span> <span class='ocrx_word' id='word_1_93' title='bbox 668 1629 762 1701; x_wconf 79' lang='lat' dir='ltr'>(Aleae.</span> <span class='ocrx_word' id='word_1_94' title='bbox 783 1631 818 1686; x_wconf 86' lang='lat' dir='ltr'>dc</span> <span class='ocrx_word' id='word_1_95' title='bbox 837 1629 1022 1705; x_wconf 64' lang='lat' dir='ltr'>Peregrinae,</span> <span class='ocrx_word' id='word_1_96' title='bbox 1041 1632 1133 1686; x_wconf 89' lang='lat' dir='ltr'>Praef.</span> <span class='ocrx_word' id='word_1_97' title='bbox 1152 1631 1180 1685; x_wconf 93' lang='lat' dir='ltr'>in</span> <span class='ocrx_word' id='word_1_98' title='bbox 1198 1631 1356 1701; x_wconf 89' lang='lat' dir='ltr'>Martyrol.)</span> 
     </span>
    </p>

    <p class='ocr_par' dir='ltr' id='par_1_4' title="bbox 257 1714 1474 1874">
     <span class='ocr_line' id='line_1_13' title="bbox 364 1714 1474 1790; baseline 0.007 -21"><span class='ocrx_word' id='word_1_99' title='bbox 364 1714 385 1783; x_wconf 82' lang='lat'>²)</span> <span class='ocrx_word' id='word_1_100' title='bbox 404 1715 436 1769; x_wconf 87' lang='lat' dir='ltr'>G.</span> <span class='ocrx_word' id='word_1_101' title='bbox 458 1717 494 1772; x_wconf 84' lang='lat' dir='ltr'>lli.</span> <span class='ocrx_word' id='word_1_102' title='bbox 515 1715 643 1788; x_wconf 78' lang='lat' dir='ltr'>Koenip,</span> <span class='ocrx_word' id='word_1_103' title='bbox 671 1718 850 1774; x_wconf 84' lang='lat' dir='ltr'>Bibliotheca</span> <span class='ocrx_word' id='word_1_104' title='bbox 867 1719 957 1775; x_wconf 82' lang='lat' dir='ltr'>Vetus</span> <span class='ocrx_word' id='word_1_105' title='bbox 977 1724 1006 1774; x_wconf 91' lang='lat' dir='ltr'>et</span> <span class='ocrx_word' id='word_1_106' title='bbox 1017 1719 1101 1773; x_wconf 87' lang='lat' dir='ltr'>Nova</span> <span class='ocrx_word' id='word_1_107' title='bbox 1120 1717 1253 1786; x_wconf 89' lang='lat' dir='ltr'>(Altdorfi</span> <span class='ocrx_word' id='word_1_108' title='bbox 1275 1719 1354 1787; x_wconf 80' lang='grc'>1678)</span> <span class='ocrx_word' id='word_1_109' title='bbox 1373 1737 1400 1790; x_wconf 92' lang='lat' dir='ltr'>p.</span> <span class='ocrx_word' id='word_1_110' title='bbox 1413 1721 1474 1778; x_wconf 78' lang='lat'><strong>521.</strong></span> 
     </span>
     <span class='ocr_line' id='line_1_14' title="bbox 257 1799 1087 1874; baseline 0.004 -19"><span class='ocrx_word' id='word_1_111' title='bbox 257 1799 400 1866; x_wconf 74' lang='lat' dir='ltr'>Maedica,</span> <span class='ocrx_word' id='word_1_112' title='bbox 419 1801 586 1858; x_wconf 87' lang='lat' dir='ltr'>Geschichte</span> <span class='ocrx_word' id='word_1_113' title='bbox 605 1803 656 1859; x_wconf 92' lang='lat' dir='ltr'>der</span> <span class='ocrx_word' id='word_1_114' title='bbox 672 1803 903 1862; x_wconf 89' lang='lat' dir='ltr'>Himmelskunde</span> <span class='ocrx_word' id='word_1_115' title='bbox 921 1807 958 1862; x_wconf 93' lang='lat' dir='ltr'>II.</span> <span class='ocrx_word' id='word_1_116' title='bbox 976 1806 1028 1862; x_wconf 79' lang='lat'>325</span> <span class='ocrx_word' id='word_1_117' title='bbox 1046 1821 1087 1874; x_wconf 89' lang='lat' dir='ltr'>sq.</span> 
     </span>
    </p>

    <p class='ocr_par' dir='ltr' id='par_1_5' title="bbox 363 1885 1262 1956">
     <span class='ocr_line' id='line_1_15' title="bbox 363 1885 1262 1956; baseline 0.006 -15"><span class='ocrx_word' id='word_1_118' title='bbox 363 1888 384 1956; x_wconf 83' lang='lat'>³)</span> <span class='ocrx_word' id='word_1_119' title='bbox 403 1887 459 1942; x_wconf 84' lang='lat' dir='ltr'>Cir.</span> <span class='ocrx_word' id='word_1_120' title='bbox 476 1885 657 1946; x_wconf 69' lang='lat' dir='ltr'>Leuternia.</span> <span class='ocrx_word' id='word_1_121' title='bbox 675 1890 719 1945; x_wconf 90' lang='lat' dir='ltr'>De</span> <span class='ocrx_word' id='word_1_122' title='bbox 737 1889 817 1946; x_wconf 88' lang='lat' dir='ltr'>Serv.</span> <span class='ocrx_word' id='word_1_123' title='bbox 835 1893 889 1947; x_wconf 90' lang='lat' dir='ltr'>Dei</span> <span class='ocrx_word' id='word_1_124' title='bbox 907 1891 1010 1948; x_wconf 87' lang='lat' dir='ltr'>Beatif.</span> <span class='ocrx_word' id='word_1_125' title='bbox 1029 1891 1078 1948; x_wconf 94' lang='lat' dir='ltr'>IV.</span> <span class='ocrx_word' id='word_1_126' title='bbox 1096 1892 1122 1948; x_wconf 79' lang='grc'>2.</span> <span class='ocrx_word' id='word_1_127' title='bbox 1140 1892 1173 1948; x_wconf 82' lang='grc'>17</span> <span class='ocrx_word' id='word_1_128' title='bbox 1192 1909 1218 1946; x_wconf 92' lang='lat' dir='ltr'>u.</span> <span class='ocrx_word' id='word_1_129' title='bbox 1236 1891 1262 1946; x_wconf 83' lang='lat'>4.</span> 
     </span>
    </p>

    <p class='ocr_par' dir='ltr' id='par_1_6' title="bbox 364 1971 1053 2047">
     <span class='ocr_line' id='line_1_16' title="bbox 364 1971 1053 2047; baseline 0.003 -17"><span class='ocrx_word' id='word_1_130' title='bbox 364 1975 384 2042; x_wconf 86' lang='lat'>⁴)</span> <span class='ocrx_word' id='word_1_131' title='bbox 407 1971 542 2030; x_wconf 81' lang='lat' dir='ltr'>Usuardi</span> <span class='ocrx_word' id='word_1_132' title='bbox 558 1976 801 2047; x_wconf 84' lang='lat' dir='ltr'>Martyrologium.</span> <span class='ocrx_word' id='word_1_133' title='bbox 837 1977 967 2034; x_wconf 76' lang='lat' dir='ltr'>chanii.</span> <span class='ocrx_word' id='word_1_134' title='bbox 977 1978 1053 2032; x_wconf 85' lang='grc'><strong>1568.</strong></span> 
     </span>
    </p>

    <p class='ocr_par' dir='ltr' id='par_1_7' title="bbox 257 2058 1475 2652">
     <span class='ocr_line' id='line_1_17' title="bbox 365 2058 1474 2131; baseline 0.007 -17"><span class='ocrx_word' id='word_1_135' title='bbox 365 2058 386 2130; x_wconf 79' lang='lat'>⁶)</span> <span class='ocrx_word' id='word_1_136' title='bbox 404 2059 556 2116; x_wconf 87' lang='lat' dir='ltr'>Mediolani</span> <span class='ocrx_word' id='word_1_137' title='bbox 575 2063 653 2131; x_wconf 93' lang='lat' dir='ltr'>apud</span> <span class='ocrx_word' id='word_1_138' title='bbox 671 2063 825 2118; x_wconf 90' lang='lat' dir='ltr'>Pacificum</span> <span class='ocrx_word' id='word_1_139' title='bbox 843 2065 974 2119; x_wconf 91' lang='lat' dir='ltr'>Pontium</span> <span class='ocrx_word' id='word_1_140' title='bbox 993 2065 1069 2120; x_wconf 78' lang='lat'><strong>1578.</strong></span> <span class='ocrx_word' id='word_1_141' title='bbox 1099 2062 1237 2118; x_wconf 86' lang='lat' dir='ltr'>Servatur</span> <span class='ocrx_word' id='word_1_142' title='bbox 1254 2063 1283 2118; x_wconf 93' lang='lat' dir='ltr'>in</span> <span class='ocrx_word' id='word_1_143' title='bbox 1295 2063 1474 2122; x_wconf 85' lang='lat' dir='ltr'>Bibliotheca</span> 
     </span>
     <span class='ocr_line' id='line_1_18' title="bbox 267 2143 1474 2221; baseline 0.006 -21"><span class='ocrx_word' id='word_1_144' title='bbox 267 2143 462 2201; x_wconf 82' lang='lat' dir='ltr'>Valliceliana</span> <span class='ocrx_word' id='word_1_145' title='bbox 484 2147 526 2216; x_wconf 84' lang='lat' dir='ltr'>(Q.</span> <span class='ocrx_word' id='word_1_146' title='bbox 545 2148 590 2216; x_wconf 83' lang='lat'>55)</span> <span class='ocrx_word' id='word_1_147' title='bbox 615 2151 759 2220; x_wconf 88' lang='lat' dir='ltr'>exemplar</span> <span class='ocrx_word' id='word_1_148' title='bbox 787 2147 981 2207; x_wconf 78' lang='lat' dir='ltr'>Gclcaiaa‘uni</span> <span class='ocrx_word' id='word_1_149' title='bbox 1001 2149 1197 2221; x_wconf 84' lang='lat' dir='ltr'>Martyrologii</span> <span class='ocrx_word' id='word_1_150' title='bbox 1220 2167 1283 2205; x_wconf 91' lang='lat' dir='ltr'>cum</span> <span class='ocrx_word' id='word_1_151' title='bbox 1302 2152 1474 2207; x_wconf 89' lang='lat' dir='ltr'>emendatio·</span> 
     </span>
     <span class='ocr_line' id='line_1_19' title="bbox 257 2233 1475 2308; baseline 0.005 -22"><span class='ocrx_word' id='word_1_152' title='bbox 257 2233 340 2287; x_wconf 90' lang='lat' dir='ltr'>nibus</span> <span class='ocrx_word' id='word_1_153' title='bbox 367 2233 571 2302; x_wconf 82' lang='lat' dir='ltr'>marginalibus</span> <span class='ocrx_word' id='word_1_154' title='bbox 597 2233 747 2307; x_wconf 82' lang='lat' dir='ltr'>Baroaii;</span> <span class='ocrx_word' id='word_1_155' title='bbox 781 2238 865 2292; x_wconf 90' lang='lat' dir='ltr'>titulo</span> <span class='ocrx_word' id='word_1_156' title='bbox 893 2242 987 2293; x_wconf 88' lang='lat' dir='ltr'>antem</span> <span class='ocrx_word' id='word_1_157' title='bbox 1020 2234 1149 2306; x_wconf 87' lang='lat' dir='ltr'>praefixa</span> <span class='ocrx_word' id='word_1_158' title='bbox 1175 2240 1219 2290; x_wconf 90' lang='lat' dir='ltr'>est</span> <span class='ocrx_word' id='word_1_159' title='bbox 1245 2252 1319 2305; x_wconf 92' lang='lat' dir='ltr'>quae</span> <span class='ocrx_word' id='word_1_160' title='bbox 1346 2238 1475 2308; x_wconf 89' lang='lat' dir='ltr'>sequitur</span> 
     </span>
     <span class='ocr_line' id='line_1_20' title="bbox 257 2320 1474 2392; baseline 0.003 -18"><span class='ocrx_word' id='word_1_161' title='bbox 257 2321 370 2375; x_wconf 89' lang='lat' dir='ltr'>notula:</span> <span class='ocrx_word' id='word_1_162' title='bbox 389 2321 458 2386; x_wconf 81' lang='lat' dir='ltr'>,Hic</span> <span class='ocrx_word' id='word_1_163' title='bbox 470 2320 542 2376; x_wconf 88' lang='lat' dir='ltr'>liber</span> <span class='ocrx_word' id='word_1_164' title='bbox 555 2337 590 2376; x_wconf 89' lang='lat' dir='ltr'>ex</span> <span class='ocrx_word' id='word_1_165' title='bbox 602 2322 782 2378; x_wconf 84' lang='lat' dir='ltr'>Bibliotheca</span> <span class='ocrx_word' id='word_1_166' title='bbox 800 2323 958 2380; x_wconf 74' lang='lat' dir='ltr'>christinae</span> <span class='ocrx_word' id='word_1_167' title='bbox 975 2323 1158 2378; x_wconf 80' lang='lat' dir='ltr'>Alexandrea</span> <span class='ocrx_word' id='word_1_168' title='bbox 1175 2322 1304 2392; x_wconf 84' lang='lat' dir='ltr'>Reginae</span> <span class='ocrx_word' id='word_1_169' title='bbox 1317 2322 1474 2380; x_wconf 89' lang='lat' dir='ltr'>Succorum</span> 
     </span>
     <span class='ocr_line' id='line_1_21' title="bbox 257 2407 1473 2482; baseline 0.004 -20"><span class='ocrx_word' id='word_1_170' title='bbox 257 2407 370 2462; x_wconf 90' lang='lat' dir='ltr'>transiit</span> <span class='ocrx_word' id='word_1_171' title='bbox 387 2407 416 2462; x_wconf 90' lang='lat' dir='ltr'>in</span> <span class='ocrx_word' id='word_1_172' title='bbox 434 2407 511 2462; x_wconf 91' lang='lat' dir='ltr'>illam</span> <span class='ocrx_word' id='word_1_173' title='bbox 529 2408 606 2463; x_wconf 89' lang='lat' dir='ltr'>Petri</span> <span class='ocrx_word' id='word_1_174' title='bbox 631 2408 713 2464; x_wconf 82' lang='lat' dir='ltr'>Oard.</span> <span class='ocrx_word' id='word_1_175' title='bbox 733 2409 886 2466; x_wconf 90' lang='lat' dir='ltr'>Otthcbcni</span> <span class='ocrx_word' id='word_1_176' title='bbox 905 2411 932 2466; x_wconf 81' lang='lat' dir='ltr'>S.</span> <span class='ocrx_word' id='word_1_177' title='bbox 951 2412 985 2465; x_wconf 88' lang='lat' dir='ltr'>B.</span> <span class='ocrx_word' id='word_1_178' title='bbox 1003 2410 1035 2466; x_wconf 89' lang='grc' dir='ltr'>Ε.</span> <span class='ocrx_word' id='word_1_179' title='bbox 1053 2409 1300 2480; x_wconf 82' lang='lat' dir='ltr'>vicecancellarii,</span> <span class='ocrx_word' id='word_1_180' title='bbox 1328 2425 1363 2466; x_wconf 89' lang='lat' dir='ltr'>ex</span> <span class='ocrx_word' id='word_1_181' title='bbox 1382 2427 1473 2482; x_wconf 87' lang='lat' dir='ltr'>eaque</span> 
     </span>
     <span class='ocr_line' id='line_1_22' title="bbox 257 2493 1473 2568; baseline 0.004 -21"><span class='ocrx_word' id='word_1_182' title='bbox 257 2497 324 2561; x_wconf 91' lang='lat' dir='ltr'>post</span> <span class='ocrx_word' id='word_1_183' title='bbox 341 2493 417 2547; x_wconf 90' lang='lat' dir='ltr'>illius</span> <span class='ocrx_word' id='word_1_184' title='bbox 435 2493 543 2548; x_wconf 92' lang='lat' dir='ltr'>obitum</span> <span class='ocrx_word' id='word_1_185' title='bbox 566 2499 677 2564; x_wconf 93' lang='lat' dir='ltr'>emptus</span> <span class='ocrx_word' id='word_1_186' title='bbox 695 2495 748 2550; x_wconf 85' lang='lat' dir='ltr'>fuit</span> <span class='ocrx_word' id='word_1_187' title='bbox 766 2513 819 2564; x_wconf 92' lang='lat' dir='ltr'>pro</span> <span class='ocrx_word' id='word_1_188' title='bbox 838 2496 1016 2552; x_wconf 88' lang='lat' dir='ltr'>Bibliotheca</span> <span class='ocrx_word' id='word_1_189' title='bbox 1034 2495 1238 2565; x_wconf 81' lang='lat' dir='ltr'>vallicellana,</span> <span class='ocrx_word' id='word_1_190' title='bbox 1264 2511 1300 2550; x_wconf 91' lang='lat' dir='ltr'>ue</span> <span class='ocrx_word' id='word_1_191' title='bbox 1318 2495 1373 2550; x_wconf 92' lang='lat' dir='ltr'>hoc</span> <span class='ocrx_word' id='word_1_192' title='bbox 1390 2513 1473 2568; x_wconf 92' lang='lat' dir='ltr'>prae-</span> 
     </span>
     <span class='ocr_line' id='line_1_23' title="bbox 258 2578 1473 2652; baseline 0.004 -20"><span class='ocrx_word' id='word_1_193' title='bbox 258 2578 336 2632; x_wconf 87' lang='lat' dir='ltr'>claro</span> <span class='ocrx_word' id='word_1_194' title='bbox 364 2584 544 2634; x_wconf 89' lang='lat' dir='ltr'>monumento</span> <span class='ocrx_word' id='word_1_195' title='bbox 567 2579 747 2636; x_wconf 86' lang='lat' dir='ltr'>Venerabilis</span> <span class='ocrx_word' id='word_1_196' title='bbox 769 2582 850 2637; x_wconf 84' lang='lat' dir='ltr'>Servi</span> <span class='ocrx_word' id='word_1_197' title='bbox 868 2583 922 2637; x_wconf 92' lang='lat' dir='ltr'>Dei</span> <span class='ocrx_word' id='word_1_198' title='bbox 941 2583 1024 2638; x_wconf 82' lang='lat' dir='ltr'>Oard.</span> <span class='ocrx_word' id='word_1_199' title='bbox 1047 2581 1127 2638; x_wconf 77' lang='lat' dir='ltr'>Caes.</span> <span class='ocrx_word' id='word_1_200' title='bbox 1150 2581 1267 2636; x_wconf 91' lang='lat' dir='ltr'>Barcnii</span> <span class='ocrx_word' id='word_1_201' title='bbox 1292 2582 1382 2652; x_wconf 90' lang='lat' dir='ltr'>ipsius</span> <span class='ocrx_word' id='word_1_202' title='bbox 1400 2581 1473 2637; x_wconf 74' lang='lat' dir='ltr'>(lon-</span> 
     </span>
    </p>
   </div>
   <div class='ocr_carea' id='block_1_4' title="bbox 258 2665 1473 2810">
    <p class='ocr_par' dir='ltr' id='par_1_8' title="bbox 258 2665 1473 2810">
     <span class='ocr_line' id='line_1_24' title="bbox 258 2665 1473 2738; baseline 0.005 -20"><span class='ocrx_word' id='word_1_203' title='bbox 258 2665 388 2735; x_wconf 88' lang='lat' dir='ltr'>gregatio</span> <span class='ocrx_word' id='word_1_204' title='bbox 416 2671 535 2721; x_wconf 88' lang='lat' dir='ltr'>careret.</span> <span class='ocrx_word' id='word_1_205' title='bbox 575 2667 664 2721; x_wconf 87' lang='lat' dir='ltr'>lilulta</span> <span class='ocrx_word' id='word_1_206' title='bbox 691 2669 763 2722; x_wconf 90' lang='lat' dir='ltr'>enim</span> <span class='ocrx_word' id='word_1_207' title='bbox 789 2669 818 2722; x_wconf 91' lang='lat' dir='ltr'>in</span> <span class='ocrx_word' id='word_1_208' title='bbox 844 2669 899 2724; x_wconf 91' lang='lat' dir='ltr'>hoc</span> <span class='ocrx_word' id='word_1_209' title='bbox 926 2668 1076 2724; x_wconf 86' lang='lat' dir='ltr'>Volumina</span> <span class='ocrx_word' id='word_1_210' title='bbox 1102 2667 1220 2738; x_wconf 90' lang='lat' dir='ltr'>propria</span> <span class='ocrx_word' id='word_1_211' title='bbox 1247 2670 1363 2725; x_wconf 90' lang='lat' dir='ltr'>Baronii</span> <span class='ocrx_word' id='word_1_212' title='bbox 1388 2686 1473 2725; x_wconf 91' lang='lat' dir='ltr'>manu</span> 
     </span>
     <span class='ocr_line' id='line_1_25' title="bbox 258 2753 502 2810; baseline 0.008 -5"><span class='ocrx_word' id='word_1_213' title='bbox 258 2757 324 2806; x_wconf 88' lang='lat' dir='ltr'>sunt</span> <span class='ocrx_word' id='word_1_214' title='bbox 341 2753 502 2810; x_wconf 81' lang='lat' dir='ltr'>adnotata.“</span> 
     </span>
    </p>
   </div>
   <div class='ocr_carea' id='block_1_5' title="bbox 258 2836 1473 3169">
    <p class='ocr_par' dir='ltr' id='par_1_9' title="bbox 258 2836 1473 3169">
     <span class='ocr_line' id='line_1_26' title="bbox 263 2836 1472 2910; baseline 0.004 -18"><span class='ocrx_word' id='word_1_215' title='bbox 263 2857 266 2862; x_wconf 93' lang='lat'>·</span> <span class='ocrx_word' id='word_1_216' title='bbox 363 2838 384 2907; x_wconf 77' lang='lat'>⁰)</span> <span class='ocrx_word' id='word_1_217' title='bbox 403 2836 517 2893; x_wconf 83' lang='lat' dir='ltr'>Harter</span> <span class='ocrx_word' id='word_1_218' title='bbox 540 2840 684 2895; x_wconf 90' lang='lat' dir='ltr'>Nomencl.</span> <span class='ocrx_word' id='word_1_219' title='bbox 709 2840 877 2910; x_wconf 78' lang='lat' dir='ltr'>lit.1,205.</span> <span class='ocrx_word' id='word_1_220' title='bbox 913 2841 1063 2897; x_wconf 77' lang='lat' dir='ltr'>Caeterum</span> <span class='ocrx_word' id='word_1_221' title='bbox 1089 2839 1246 2896; x_wconf 80' lang='lat' dir='ltr'>Berenice</span> <span class='ocrx_word' id='word_1_222' title='bbox 1269 2841 1299 2896; x_wconf 93' lang='lat' dir='ltr'>in</span> <span class='ocrx_word' id='word_1_223' title='bbox 1320 2841 1376 2896; x_wconf 90' lang='lat' dir='ltr'>fine</span> <span class='ocrx_word' id='word_1_224' title='bbox 1403 2841 1472 2897; x_wconf 82' lang='lat' dir='ltr'>Ood.</span> 
     </span>
     <span class='ocr_line' id='line_1_27' title="bbox 259 2921 1473 3000; baseline 0.003 -21"><span class='ocrx_word' id='word_1_225' title='bbox 259 2925 333 2980; x_wconf 90' lang='lat' dir='ltr'>Vall.</span> <span class='ocrx_word' id='word_1_226' title='bbox 360 2925 392 2991; x_wconf 78' lang='lat' dir='ltr'>Q.</span> <span class='ocrx_word' id='word_1_227' title='bbox 417 2925 451 2980; x_wconf 80' lang='lat'>55</span> <span class='ocrx_word' id='word_1_228' title='bbox 480 2921 669 2992; x_wconf 79' lang='lat' dir='ltr'>Galeainiam</span> <span class='ocrx_word' id='word_1_229' title='bbox 697 2927 826 2992; x_wconf 85' lang='lat' dir='ltr'>,doctum</span> <span class='ocrx_word' id='word_1_230' title='bbox 854 2943 889 2982; x_wconf 91' lang='lat' dir='ltr'>ac</span> <span class='ocrx_word' id='word_1_231' title='bbox 915 2929 1062 2997; x_wconf 91' lang='lat' dir='ltr'>disertum,</span> <span class='ocrx_word' id='word_1_232' title='bbox 1092 2927 1258 2982; x_wconf 86' lang='lat' dir='ltr'>nobilissimi</span> <span class='ocrx_word' id='word_1_233' title='bbox 1283 2929 1392 3000; x_wconf 87' lang='lat' dir='ltr'>ingenii</span> <span class='ocrx_word' id='word_1_234' title='bbox 1418 2928 1473 2984; x_wconf 90' lang='lat' dir='ltr'>hac</span> 
     </span>
     <span class='ocr_line' id='line_1_28' title="bbox 258 3012 1471 3086; baseline 0.003 -20"><span class='ocrx_word' id='word_1_235' title='bbox 258 3017 353 3067; x_wconf 87' lang='lat' dir='ltr'>aetate</span> <span class='ocrx_word' id='word_1_236' title='bbox 376 3012 558 3081; x_wconf 85' lang='lat' dir='ltr'>scriptorcm“</span> <span class='ocrx_word' id='word_1_237' title='bbox 585 3017 744 3083; x_wconf 81' lang='lat' dir='ltr'>nuncupat3</span> <span class='ocrx_word' id='word_1_238' title='bbox 774 3013 851 3082; x_wconf 91' lang='lat' dir='ltr'>quod</span> <span class='ocrx_word' id='word_1_239' title='bbox 873 3013 986 3082; x_wconf 90' lang='lat' dir='ltr'>quidem</span> <span class='ocrx_word' id='word_1_240' title='bbox 1008 3013 1131 3084; x_wconf 90' lang='lat' dir='ltr'>elogium</span> <span class='ocrx_word' id='word_1_241' title='bbox 1143 3014 1181 3069; x_wconf 91' lang='lat' dir='ltr'>ad</span> <span class='ocrx_word' id='word_1_242' title='bbox 1194 3014 1314 3072; x_wconf 89' lang='lat' dir='ltr'>biblicas</span> <span class='ocrx_word' id='word_1_243' title='bbox 1338 3020 1367 3072; x_wconf 89' lang='lat' dir='ltr'>et</span> <span class='ocrx_word' id='word_1_244' title='bbox 1384 3015 1471 3086; x_wconf 90' lang='lat' dir='ltr'>patri-</span> 
     </span>
     <span class='ocr_line' id='line_1_29' title="bbox 259 3097 868 3169; baseline 0.003 -17"><span class='ocrx_word' id='word_1_245' title='bbox 259 3099 344 3154; x_wconf 83' lang='lat' dir='ltr'>sticas</span> <span class='ocrx_word' id='word_1_246' title='bbox 362 3097 498 3153; x_wconf 85' lang='lat' dir='ltr'>Galesinii</span> <span class='ocrx_word' id='word_1_247' title='bbox 515 3097 726 3154; x_wconf 81' lang='lat' dir='ltr'>lucubrationes</span> <span class='ocrx_word' id='word_1_248' title='bbox 744 3099 868 3169; x_wconf 86' lang='lat' dir='ltr'>respicit.</span> 
     </span>
    </p>
   </div>
   <div class='ocr_carea' id='block_1_6' title="bbox 811 3487 925 3571">
    <p class='ocr_par' dir='ltr' id='par_1_10' title="bbox 811 3487 925 3571">
     <span class='ocr_line' id='line_1_30' title="bbox 811 3487 925 3571; baseline 0.009 -1"><span class='ocrx_word' id='word_1_249' title='bbox 811 3487 925 3571; x_wconf 87' lang='lat' dir='ltr'><strong>XVI.</strong></span> 
     </span>
    </p>
   </div>
   <div class='ocr_carea' id='block_1_7' title="bbox 256 3757 1486 4888">
    <p class='ocr_par' dir='ltr' id='par_1_11' title="bbox 256 3757 1486 4888">
     <span class='ocr_line' id='line_1_31' title="bbox 361 3757 1472 3847; baseline 0.007 -26"><span class='ocrx_word' id='word_1_250' title='bbox 361 3757 542 3823; x_wconf 90' lang='lat' dir='ltr'>Dolendum</span> <span class='ocrx_word' id='word_1_251' title='bbox 574 3779 653 3824; x_wconf 91' lang='lat' dir='ltr'>sane</span> <span class='ocrx_word' id='word_1_252' title='bbox 685 3766 746 3845; x_wconf 90' lang='lat' dir='ltr'>cst,</span> <span class='ocrx_word' id='word_1_253' title='bbox 785 3759 870 3843; x_wconf 90' lang='lat' dir='ltr'>qnod</span> <span class='ocrx_word' id='word_1_254' title='bbox 903 3761 963 3827; x_wconf 89' lang='lat' dir='ltr'>viri</span> <span class='ocrx_word' id='word_1_255' title='bbox 997 3761 1110 3827; x_wconf 89' lang='lat' dir='ltr'>eruditi</span> <span class='ocrx_word' id='word_1_256' title='bbox 1143 3784 1164 3828; x_wconf 93' lang='lat' dir='ltr'>a</span> <span class='ocrx_word' id='word_1_257' title='bbox 1195 3763 1350 3847; x_wconf 84' lang='lat' dir='ltr'>Gregorio</span> <span class='ocrx_word' id='word_1_258' title='bbox 1381 3763 1472 3829; x_wconf 89' lang='lat' dir='ltr'>Xlll.</span> 
     </span>
     <span class='ocr_line' id='line_1_32' title="bbox 257 3860 1472 3951; baseline 0.009 -27"><span class='ocrx_word' id='word_1_259' title='bbox 257 3860 477 3945; x_wconf 90' lang='lat' dir='ltr'>Martyrolcgii</span> <span class='ocrx_word' id='word_1_260' title='bbox 508 3861 722 3929; x_wconf 91' lang='lat' dir='ltr'>emendationi</span> <span class='ocrx_word' id='word_1_261' title='bbox 754 3864 926 3936; x_wconf 89' lang='lat' dir='ltr'>admodum</span> <span class='ocrx_word' id='word_1_262' title='bbox 959 3865 1163 3931; x_wconf 88' lang='lat' dir='ltr'>necessariae</span> <span class='ocrx_word' id='word_1_263' title='bbox 1193 3866 1369 3951; x_wconf 90' lang='lat' dir='ltr'>praepositi</span> <span class='ocrx_word' id='word_1_264' title='bbox 1400 3869 1472 3934; x_wconf 89' lang='lat' dir='ltr'>sub·</span> 
     </span>
     <span class='ocr_line' id='line_1_33' title="bbox 257 3963 1486 4051; baseline 0.007 -21"><span class='ocrx_word' id='word_1_265' title='bbox 257 3963 348 4031; x_wconf 86' lang='lat' dir='ltr'>sidiis</span> <span class='ocrx_word' id='word_1_266' title='bbox 379 3984 462 4048; x_wconf 90' lang='lat' dir='ltr'>quac</span> <span class='ocrx_word' id='word_1_267' title='bbox 493 3965 722 4051; x_wconf 81' lang='lat' dir='ltr'>supra(X111)</span> <span class='ocrx_word' id='word_1_268' title='bbox 752 3968 911 4033; x_wconf 90' lang='lat' dir='ltr'>innuimus</span> <span class='ocrx_word' id='word_1_269' title='bbox 939 3969 1001 4034; x_wconf 90' lang='lat' dir='ltr'>ista</span> <span class='ocrx_word' id='word_1_270' title='bbox 1027 3976 1133 4036; x_wconf 90' lang='lat' dir='ltr'>aetate</span> <span class='ocrx_word' id='word_1_271' title='bbox 1161 3969 1301 4035; x_wconf 88' lang='lat' dir='ltr'>noudum</span> <span class='ocrx_word' id='word_1_272' title='bbox 1333 3965 1486 4039; x_wconf 86' lang='lat' dir='ltr'>inventis</span> 
     </span>
     <span class='ocr_line' id='line_1_34' title="bbox 257 4067 1472 4157; baseline 0.008 -23"><span class='ocrx_word' id='word_1_273' title='bbox 257 4077 289 4134; x_wconf 92' lang='lat' dir='ltr'>et</span> <span class='ocrx_word' id='word_1_274' title='bbox 312 4067 465 4134; x_wconf 89' lang='lat' dir='ltr'>discussis</span> <span class='ocrx_word' id='word_1_275' title='bbox 489 4069 580 4136; x_wconf 90' lang='lat' dir='ltr'>inniti</span> <span class='ocrx_word' id='word_1_276' title='bbox 603 4076 635 4137; x_wconf 91' lang='lat' dir='ltr'>et</span> <span class='ocrx_word' id='word_1_277' title='bbox 656 4070 730 4137; x_wconf 91' lang='lat' dir='ltr'>ideo</span> <span class='ocrx_word' id='word_1_278' title='bbox 753 4091 832 4157; x_wconf 91' lang='lat' dir='ltr'>opus</span> <span class='ocrx_word' id='word_1_279' title='bbox 856 4070 1002 4136; x_wconf 91' lang='lat' dir='ltr'>omnibus</span> <span class='ocrx_word' id='word_1_280' title='bbox 1025 4072 1165 4138; x_wconf 90' lang='lat' dir='ltr'>numeris</span> <span class='ocrx_word' id='word_1_281' title='bbox 1196 4073 1376 4140; x_wconf 91' lang='lat' dir='ltr'>absolutum</span> <span class='ocrx_word' id='word_1_282' title='bbox 1399 4097 1472 4143; x_wconf 90' lang='lat' dir='ltr'>con·</span> 
     </span>
     <span class='ocr_line' id='line_1_35' title="bbox 257 4173 1471 4264; baseline 0.006 -26"><span class='ocrx_word' id='word_1_283' title='bbox 257 4173 351 4239; x_wconf 87' lang='lat' dir='ltr'>ficere</span> <span class='ocrx_word' id='word_1_284' title='bbox 385 4173 582 4255; x_wconf 90' lang='lat' dir='ltr'>nequierunt.</span> <span class='ocrx_word' id='word_1_285' title='bbox 591 4175 614 4260; x_wconf 85' lang='lat'>¹)</span> <span class='ocrx_word' id='word_1_286' title='bbox 668 4176 711 4240; x_wconf 84' lang='lat' dir='ltr'>At</span> <span class='ocrx_word' id='word_1_287' title='bbox 743 4195 805 4260; x_wconf 88' lang='lat' dir='ltr'>qno</span> <span class='ocrx_word' id='word_1_288' title='bbox 844 4175 981 4241; x_wconf 87' lang='lat' dir='ltr'>maiores</span> <span class='ocrx_word' id='word_1_289' title='bbox 1021 4174 1224 4243; x_wconf 87' lang='lat' dir='ltr'>difficultates</span> <span class='ocrx_word' id='word_1_290' title='bbox 1256 4177 1297 4242; x_wconf 92' lang='lat' dir='ltr'>ab</span> <span class='ocrx_word' id='word_1_291' title='bbox 1328 4177 1407 4264; x_wconf 91' lang='lat' dir='ltr'>ipsis</span> <span class='ocrx_word' id='word_1_292' title='bbox 1438 4180 1471 4245; x_wconf 91' lang='lat' dir='ltr'>in</span> 
     </span>
     <span class='ocr_line' id='line_1_36' title="bbox 257 4273 1471 4366; baseline 0.003 -22"><span class='ocrx_word' id='word_1_293' title='bbox 257 4273 436 4361; x_wconf 90' lang='lat' dir='ltr'>subigendo</span> <span class='ocrx_word' id='word_1_294' title='bbox 460 4277 528 4344; x_wconf 92' lang='lat' dir='ltr'>solo</span> <span class='ocrx_word' id='word_1_295' title='bbox 551 4297 663 4364; x_wconf 91' lang='lat' dir='ltr'>parum</span> <span class='ocrx_word' id='word_1_296' title='bbox 685 4293 897 4366; x_wconf 86' lang='lat' dir='ltr'>perperamve¹</span> <span class='ocrx_word' id='word_1_297' title='bbox 918 4278 1001 4345; x_wconf 90' lang='lat' dir='ltr'>culto</span> <span class='ocrx_word' id='word_1_298' title='bbox 1018 4284 1049 4344; x_wconf 91' lang='lat' dir='ltr'>et</span> <span class='ocrx_word' id='word_1_299' title='bbox 1065 4279 1097 4345; x_wconf 93' lang='lat' dir='ltr'>iu</span> <span class='ocrx_word' id='word_1_300' title='bbox 1114 4279 1316 4348; x_wconf 89' lang='lat' dir='ltr'>eradicandis</span> <span class='ocrx_word' id='word_1_301' title='bbox 1340 4281 1471 4348; x_wconf 87' lang='lat' dir='ltr'>zizaniis</span> 
     </span>
     <span class='ocr_line' id='line_1_37' title="bbox 257 4381 1471 4469; baseline 0.003 -22"><span class='ocrx_word' id='word_1_302' title='bbox 257 4388 349 4447; x_wconf 84' lang='lat' dir='ltr'>eraut</span> <span class='ocrx_word' id='word_1_303' title='bbox 378 4381 593 4467; x_wconf 88' lang='lat' dir='ltr'>superandae,</span> <span class='ocrx_word' id='word_1_304' title='bbox 628 4403 666 4448; x_wconf 94' lang='lat' dir='ltr'>eo</span> <span class='ocrx_word' id='word_1_305' title='bbox 698 4383 881 4466; x_wconf 90' lang='lat' dir='ltr'>aequiorem</span> <span class='ocrx_word' id='word_1_306' title='bbox 912 4383 1075 4468; x_wconf 89' lang='lat' dir='ltr'>postulant</span> <span class='ocrx_word' id='word_1_307' title='bbox 1105 4386 1296 4451; x_wconf 89' lang='lat' dir='ltr'>sententiam</span> <span class='ocrx_word' id='word_1_308' title='bbox 1330 4405 1412 4469; x_wconf 89' lang='lat' dir='ltr'>quae</span> <span class='ocrx_word' id='word_1_309' title='bbox 1439 4386 1471 4451; x_wconf 91' lang='lat' dir='ltr'>in</span> 
     </span>
     <span class='ocr_line' id='line_1_38' title="bbox 257 4485 1471 4574; baseline 0.003 -22"><span class='ocrx_word' id='word_1_310' title='bbox 257 4485 471 4571; x_wconf 89' lang='lat' dir='ltr'>adimplendis</span> <span class='ocrx_word' id='word_1_311' title='bbox 503 4486 552 4552; x_wconf 92' lang='lat' dir='ltr'>sui</span> <span class='ocrx_word' id='word_1_312' title='bbox 584 4487 723 4553; x_wconf 91' lang='lat' dir='ltr'>muneris</span> <span class='ocrx_word' id='word_1_313' title='bbox 756 4488 900 4572; x_wconf 90' lang='lat' dir='ltr'>partibus</span> <span class='ocrx_word' id='word_1_314' title='bbox 934 4508 1046 4554; x_wconf 85' lang='lat' dir='ltr'>revera</span> <span class='ocrx_word' id='word_1_315' title='bbox 1079 4488 1315 4574; x_wconf 88' lang='lat' dir='ltr'>praestiterunt.</span> <span class='ocrx_word' id='word_1_316' title='bbox 1360 4491 1471 4574; x_wconf 86' lang='lat' dir='ltr'>Neque</span> 
     </span>
     <span class='ocr_line' id='line_1_39' title="bbox 257 4589 1472 4678; baseline 0.001 -21"><span class='ocrx_word' id='word_1_317' title='bbox 257 4590 342 4657; x_wconf 90' lang='lat' dir='ltr'>enim</span> <span class='ocrx_word' id='word_1_318' title='bbox 364 4590 512 4676; x_wconf 88' lang='lat' dir='ltr'>pervigili</span> <span class='ocrx_word' id='word_1_319' title='bbox 538 4589 725 4674; x_wconf 91' lang='lat' dir='ltr'>diligentiae</span> <span class='ocrx_word' id='word_1_320' title='bbox 748 4598 779 4658; x_wconf 89' lang='lat' dir='ltr'>et</span> <span class='ocrx_word' id='word_1_321' title='bbox 802 4612 946 4658; x_wconf 90' lang='lat' dir='ltr'>summae</span> <span class='ocrx_word' id='word_1_322' title='bbox 972 4591 1148 4658; x_wconf 87' lang='lat' dir='ltr'>industriae</span> <span class='ocrx_word' id='word_1_323' title='bbox 1179 4599 1402 4678; x_wconf 88' lang='lat' dir='ltr'>pepercerunt,</span> <span class='ocrx_word' id='word_1_324' title='bbox 1438 4600 1472 4658; x_wconf 92' lang='lat' dir='ltr'>ut</span> 
     </span>
     <span class='ocr_line' id='line_1_40' title="bbox 256 4692 1470 4782; baseline 0.002 -22"><span class='ocrx_word' id='word_1_325' title='bbox 256 4695 388 4779; x_wconf 84' lang='lat' dir='ltr'>antiqua</span> <span class='ocrx_word' id='word_1_326' title='bbox 419 4714 502 4777; x_wconf 89' lang='lat' dir='ltr'>quae</span> <span class='ocrx_word' id='word_1_327' title='bbox 527 4692 560 4760; x_wconf 95' lang='lat' dir='ltr'>in</span> <span class='ocrx_word' id='word_1_328' title='bbox 582 4693 728 4762; x_wconf 85' lang='lat' dir='ltr'>Archiris</span> <span class='ocrx_word' id='word_1_329' title='bbox 760 4701 792 4760; x_wconf 92' lang='lat' dir='ltr'>et</span> <span class='ocrx_word' id='word_1_330' title='bbox 817 4695 1023 4762; x_wconf 88' lang='lat' dir='ltr'>Bibliothecis</span> <span class='ocrx_word' id='word_1_331' title='bbox 1055 4696 1288 4762; x_wconf 87' lang='lat' dir='ltr'>delitescebant</span> <span class='ocrx_word' id='word_1_332' title='bbox 1317 4697 1470 4782; x_wconf 87' lang='lat' dir='ltr'>Martyro-</span> 
     </span>
     <span class='ocr_line' id='line_1_41' title="bbox 256 4797 1471 4888; baseline 0.002 -23"><span class='ocrx_word' id='word_1_333' title='bbox 256 4799 343 4884; x_wconf 88' lang='lat' dir='ltr'>logia</span> <span class='ocrx_word' id='word_1_334' title='bbox 371 4799 587 4886; x_wconf 87' lang='lat' dir='ltr'>manuscripta</span> <span class='ocrx_word' id='word_1_335' title='bbox 608 4797 801 4884; x_wconf 86' lang='lat' dir='ltr'>indagarent</span> <span class='ocrx_word' id='word_1_336' title='bbox 823 4805 855 4866; x_wconf 89' lang='lat' dir='ltr'>et</span> <span class='ocrx_word' id='word_1_337' title='bbox 877 4799 963 4867; x_wconf 85' lang='lat' dir='ltr'>iacta</span> <span class='ocrx_word' id='word_1_338' title='bbox 989 4799 1208 4887; x_wconf 89' lang='lat' dir='ltr'>multiplicium</span> <span class='ocrx_word' id='word_1_339' title='bbox 1240 4801 1471 4888; x_wconf 88' lang='lat' dir='ltr'>exemplarium</span> 
     </span>
    </p>
   </div>
   <div class='ocr_carea' id='block_1_8' title="bbox 0 0 1680 5484">
    <p class='ocr_par' dir='ltr' id='par_1_12' title="bbox 0 0 1680 5484">
     <span class='ocr_line' id='line_1_42' title="bbox 0 0 1680 5484; baseline 0 0"><span class='ocrx_word' id='word_1_340' title='bbox 0 0 1680 5484; x_wconf 95' lang='lat' dir='ltr'> </span> 
     </span>
    </p>
   </div>
  </div>
 </body>
</html>
