3350 5484
807 805 916 890 unu

359 1097 419 1160 Vix
443 1097 546 1178 magis
570 1096 725 1161 cruditum
749 1098 898 1160 Summus
919 1094 1065 1161 Pontifex
1089 1095 1223 1179 collegio
1249 1094 1465 1162 Oorrectorurn

254 1199 472 1282 Martyrologii
512 1199 685 1282 praeficere
727 1208 852 1286 poterat
894 1199 1097 1264 Cardinalem
1141 1219 1235 1282 quam
1275 1199 1464 1266 Guilelmurn

254 1302 416 1386 Sirlctum,
441 1325 461 1368 a
482 1304 605 1368 Mureto
629 1306 756 1388 spirans
780 1323 944 1369 musaeum
967 1303 1177 1388 appellatum,
1211 1304 1252 1368 ab
1274 1304 1374 1368 Hosio
1399 1309 1465 1366 tan-

253 1427 347 1488 quam
387 1407 546 1472 craculum
585 1407 788 1474 scientiarum
822 1415 853 1474 ct
883 1428 904 1472 a
935 1406 1050 1472 Rescio
1087 1408 1173 1472 velut
1209 1408 1329 1472 vivam'
1350 1405 1466 1479 Christi

253 1510 476 1576 bibliothecam
501 1510 705 1577 celebratum.
721 1513 746 1596 ¹)
790 1513 891 1578 Natus
914 1511 947 1575 in
970 1510 1120 1576 Calabria
1142 1532 1171 1578 a.
1198 1513 1295 1594 1514,
1332 1510 1466 1575 Sirletus

257 1615 392 1698 Neapoli
418 1621 503 1680 totus
534 1616 648 1682 studiis
670 1618 838 1681 immersus
866 1636 925 1681 uec
951 1616 1051 1681 solum
1080 1601 1349 1680 absolutissimam
1373 1613 1466 1678 trium

257 1717 435 1800 linguarum
468 1718 650 1805 hebraicae,
685 1739 822 1802 graecae
852 1739 892 1784 ac
921 1717 1040 1784 latinae
1074 1717 1288 1801 coguitionem
1320 1716 1465 1801 adeptus,

257 1818 317 1891 sed
341 1821 436 1885 etiarn
459 1821 492 1886 in
515 1823 762 1907 mathematicis,
796 1821 1038 1908 philosophicis,
1073 1821 1262 1906 theologicis
1289 1819 1465 1906 disciplinis

210 2004 211 2007 Ἴ
258 1931 289 1989 ct
319 1925 353 1989 in
385 1927 497 2008 quouis
529 1927 732 1993 scientiarum
764 1947 882 2010 genere
913 1925 995 1992 adeo
1027 1926 1201 2010 perlectus,
1238 1929 1272 1990 ut
1297 1925 1464 2010 adipsum

258 2027 437 2110 quicunque
459 2029 568 2112 aliqua
595 2030 627 2095 iu
649 2029 764 2096 litteris
788 2029 1028 2112 quibuscunque
1060 2028 1245 2108 difficultate
1276 2027 1467 2094 tenebantur

257 2137 463 2216 recurrerent,
487 2154 507 2198 a
529 2133 586 2197 Pio
608 2135 663 2202 IV.
686 2133 719 2197 in
742 2154 867 2199 sacrum
900 2139 1044 2199 senatum
1077 2131 1208 2216 relatus,
1245 2119 1464 2198 etsiaetatem

256 2255 382 2299 omnem
405 2235 437 2300 in
460 2236 578 2302 diuinis
601 2237 752 2322 oraculis,
784 2243 965 2302 sanctorum
987 2244 1111 2322 patrum
1135 2237 1361 2320 monumentis,
1394 2256 1466 2300 con-

255 2337 396 2403 ciliorum
413 2338 549 2404 decretis
564 2340 853 2423 ecclesiasticisque
875 2340 1015 2406 historiis
1039 2340 1243 2424 consumpsit,
1267 2339 1344 2404 nibil
1359 2346 1465 2404 tamen

257 2461 296 2506 ex
324 2443 473 2526 operibus
496 2445 537 2508 ab
560 2443 630 2528 ipso
659 2445 798 2509 exaratis
826 2451 857 2510 et
883 2445 915 2509 iu
943 2445 1139 2510 Bibliotheca
1172 2444 1327 2509 Vaticana
1358 2441 1465 2508 adser-

255 2531 337 2610 vatis
375 2545 471 2611 edere
507 2547 607 2612 voluit
647 2549 709 2612 nisi
747 2547 908 2613 variantes
947 2549 979 2612 iu
1017 2549 1200 2634 Polyglotla
1241 2547 1464 2632 Antverpiensi

255 2649 408 2714 lectiones
430 2650 527 2714 Ariae
549 2652 700 2716 Montano
733 2653 949 2716 transmissas.
994 2653 1219 2734 Praeterquam
1248 2657 1352 2716 autem
1381 2649 1466 2733 qued

255 2751 404 2835 Missalis,
430 2751 583 2818 Breviarii
606 2762 637 2820 et
660 2754 852 2821 catechismi
874 2755 1091 2821 reformationi
1112 2756 1201 2820 iuxta
1223 2761 1361 2820 mentem
1385 2753 1465 2819 Con-

255 2855 318 2920 cilii
341 2852 533 2940 Tridentini,
568 2878 692 2922 necnon
722 2857 824 2923 Indici
854 2859 1004 2924 librorum
1036 2858 1262 2944 prohibitorum
1295 2877 1466 2940 eorumque

247 2959 477 3043 'expurgationi
506 2959 648 3026 incubuit
675 2961 920 3049 officiosissime,
935 2972 938 2977 '
952 2961 984 3026 in
1008 2961 1211 3028 restituendis
1234 2961 1293 3025 SS.
1317 2960 1466 3045 Bibliisll

255 3063 452 3146 edendisque
475 3064 608 3148 ,Synodi
641 3065 846 3131 Florentinae
879 3068 959 3132 actis
972 3069 997 3148 ³)
1030 3073 1061 3131 et
1093 3064 1293 3137 emendando
1327 3065 1466 3130 Decreta

256 3165 460 3252 Gratiane0⁴l
486 3167 642 3234 laboravit
664 3169 836 3235 indefesse.
882 3171 983 3252 Igitur
1005 3170 1057 3252 qui
1080 3167 1200 3236 tantam
1223 3169 1465 3252 occupationum

256 3271 541 3338 ecclesiasticarum
566 3275 682 3338 molem
707 3275 864 3340 sustinere
881 3276 989 3359 valuit,
1014 3275 1141 3358 negotio
1165 3274 1261 3339 etiam
1284 3269 1466 3338 vindicandi
1505 3295 1507 3301 ⁴

254 3396 273 3439 a
297 3375 420 3440 mendis
443 3377 662 3462 Martyrologii
689 3399 841 3462 praeesse
864 3378 1013 3462 idemque
1034 3399 1095 3444 sua
1118 3378 1273 3444 industria
1296 3382 1328 3441 et
1349 3373 1465 3440 iudicio

253 3499 441 3562 promovere
463 3477 548 3546 haud
572 3482 739 3548 recusavit.

363 3792 379 3858 ¹)
398 3791 454 3845 (lfr.
477 3789 648 3846 Tiroboscba'
672 3792 766 3848 Storia
791 3794 867 3848 della
885 3795 1066 3848 Letteratura
1089 3793 1211 3847 Italia-na
1228 3793 1293 3862 Vll,
1313 3793 1336 3862 1,
1354 3791 1405 3846 345
1424 3809 1465 3861 sq.

254 3876 357 3930 (lesere
373 3874 482 3944 Contio,
504 3877 548 3932 Gli
562 3880 666 3932 Eretici
686 3879 807 3934 d'ltalia.
843 3880 907 3934 Vol.
921 3867 963 3933 II.
976 3880 1092 3948 (Torino
1107 3882 1184 3946 1866)
1198 3897 1225 3948 p.
1237 3880 1293 3933 ⁶246·
1303 3884 1331 3933 et
1343 3876 1464 3944 Hurlcr,

253 3963 396 4016 Nomencl.
416 3964 570 4019 litterarius
589 3966 755 4020 recentioris
773 3965 949 4034 Theologiae
967 3966 1134 4021 catholicae.
1162 3968 1240 4021 Tem.
1259 3967 1280 4020 Ι.
1318 3965 1465 4035 Oenipont.

253 4050 328 4102 1873.
347 4065 374 4116 p.
394 4051 452 4103 189.
525 4071 526 4077 ¹
1323 4113 1324 4116 Ἴ

358 4135 377 4202 ²)
391 4135 528 4205 'Roaiam
547 4137 715 4192 Geschichte
735 4139 785 4192 der
804 4137 937 4208 Vulgata.
973 4138 1063 4192 Mainz
1083 4141 1158 4194 1868.
1178 4157 1204 4208 p.
1222 4139 1282 4192 442.

357 4221 378 4289 ⁸)
398 4221 453 4276 Cfr.
473 4223 624 4278 Sirletiana
641 4225 669 4277 in
687 4242 722 4279 rn.
742 4226 833 4280 Melet.
853 4226 933 4279 Rom.
952 4226 1088 4279 Mentissa
1106 4245 1132 4295 p.
1151 4226 1220 4280 345.
1254 4280 1261 4289 ,

357 4308 377 4376 ⁴)
395 4306 519 4364 Antonii
545 4308 705 4382 Aupustinc'
732 4313 917 4383 Dialogerum
944 4313 1020 4367 Libri
1045 4313 1083 4368 Il.
1127 4315 1215 4368 Paris.
1241 4315 1316 4368 1760.
1344 4331 1370 4382 p.
1399 4314 1463 4386 2373

252 4391 392 4461 Berordr',
413 4395 541 4450 Gratiani
560 4397 690 4453 Cauoncs
708 4399 831 4468 genuini.
867 4399 919 4453 Ed.
938 4401 963 4452 2.
982 4399 1081 4454 Venet.
1100 4401 1175 4454 1783.
1195 4401 1216 4453 Ι.
1235 4417 1261 4468 p.
1279 4399 1404 4454 XXXVI
1423 4417 1463 4474 sq.
