3350 5484
662 749 665 756 ¹
747 803 884 887 xxv.

315 1094 491 1180 Apparatui
528 1093 635 1176 itaque
669 1099 720 1159 sat
752 1095 882 1178 copioso
919 1094 1047 1159 innixus
1081 1101 1113 1158 et
1145 1095 1323 1162 litteratura
1355 1103 1419 1162 tarn

208 1216 302 1261 sacra
328 1217 422 1278 quam
450 1195 586 1282 profana
616 1197 787 1262 instructus
816 1197 973 1263 Batonius
1000 1197 1032 1262 in
1055 1197 1315 1284 Martyrologium
1343 1200 1419 1265 Gre-

208 1301 373 1382 gorianum
400 1301 589 1367 Notationes
612 1299 654 1366 ad
678 1321 802 1367 omnem
831 1299 1068 1368 ecclesiasticae
1099 1301 1297 1386 antiquitatis
1324 1302 1420 1368 histo-

209 1405 289 1468 riam
315 1403 536 1470 illustrandam
559 1404 816 1472 accommcdatas
838 1405 884 1471 ita
906 1405 1054 1490 confecit,
1077 1413 1111 1470 ut
1126 1406 1271 1488 quamvis
1293 1412 1421 1490 propter

206 1508 383 1593 ,sublestam
417 1508 538 1590 aliquot
570 1514 844 1575 monumentorum
878 1529 961 1592 quae
994 1517 1120 1576 eruerat
1152 1507 1248 1575 fidem
1282 1528 1420 1576 nonnus·

207 1631 302 1695 quarn
335 1611 523 1697 offenderet,
557 1611 636 1678 nihil
666 1618 787 1706 temere
817 1633 970 1698 parumve
1005 1612 1207 1680 considerate
1238 1620 1350 1696 ageret
1379 1619 1420 1697 et,

207 1715 350 1782 veritatis
373 1722 513 1782 sectator
534 1717 768 1801 integerrimus,
791 1717 888 1802 plane
903 1716 994 1783 nefas
1010 1722 1106 1800 atque
1125 1716 1256 1802 impium
1278 1717 1421 1794 haberet,
1520 1720 1523 1728 '

207 1819 329 1903 aliquid
360 1819 519 1885 affirmare
551 1825 583 1884 et
608 1821 703 1905 tueri,
741 1820 826 1904 quod
858 1821 943 1886 nullo
973 1819 1135 1887 fulciretur
1166 1820 1309 1888 veritatis
1336 1819 1422 1886 testi·
1496 1809 1499 1814 ’

207 1924 357 2009 monio.¹)
403 1923 464 2000 Qui
492 1924 663 2010 scriptores
690 1945 813 2008 quaeve
840 1924 1038 1992 narrationes
1069 1924 1269 2010 probatiores
1292 1931 1324 1988 et
1346 1922 1421 1988 fide·

156 2077 160 2086 .
211 2028 307 2093 liores
336 2029 412 2112 sint,
446 2027 625 2113 admonuit3
663 2036 751 2095 certa
778 2030 819 2095 ab
847 2029 975 2095 incertis
1006 2027 1169 2110 distinxit,
1207 2027 1422 2094 dubitationes

209 2139 241 2199 et
263 2132 495 2198 controversias
518 2132 694 2200 dissolvere
716 2153 755 2199 ac
777 2131 892 2199 sedare
915 2130 1052 2216 studuit3
1084 2132 1289 2218 plurimarum
1313 2131 1422 2196 dictio-

209 2256 284 2300 num
317 2255 396 2301 sane
428 2237 596 2302 obscuram
627 2237 794 2304 notionem·
818 2243 850 2303 et
875 2237 940 2302 vim
971 2235 1160 2320 declaravit,
1195 2239 1304 2302 earum
1332 2255 1422 2320 prae·

209 2341 318 2407 sertim
353 2361 435 2425 quae
468 2340 633 2406 machinas
665 2347 697 2405 et
727 2341 937 2406 instrumenta
970 2339 1156 2424 designant,
1200 2339 1315 2423 quibus
1348 2337 1424 2403 fidei

210 2449 447 2530 oppugnatores
470 2443 648 2510 cruciarunt
669 2446 826 2530 Martyres
850 2465 888 2510 ae
912 2445 1113 2531 diverterunt,
1123 2441 1150 2528 ⁹)
1173 2442 1262 2527 operi
1286 2441 1423 2526 denique

210 2549 358 2615 universo
403 2546 550 2632 praefixit
586 2547 627 2614 de
663 2549 807 2614 Romano
850 2547 1077 2635 Martyrologio
1122 2547 1423 2614 commentationem

210 2651 457 2720 eruditissimam
489 2672 528 2716 ac
560 2652 817 2736 sagacissimam,
856 2651 916 2718 etsi
949 2673 1013 2718 non
1046 2652 1219 2716 immunem
1254 2651 1423 2734 erroribus,

210 2759 264 2841 qui
295 2763 403 2822 tamen
435 2754 619 2822 tolerabiles
651 2762 682 2822 et
712 2757 808 2822 venia
838 2755 929 2840 digni
961 2777 1034 2823 esse
1064 2756 1227 2839 videntur,
1266 2761 1424 2838 quatenus

211 2881 281 2926 cum
314 2858 509 2945 praeiudicio
541 2858 582 2926 de
611 2857 742 2944 Codice,
778 2860 866 2928 cuius
895 2860 928 2926 S.
952 2861 1126 2945 Gregorius
1148 2862 1191 2927 M.
1221 2861 1253 2927 in
1279 2859 1425 2945 Epistola

210 2963 253 3030 ad
284 2962 452 3045 Eulogium
487 2963 737 3030 Alexandrinum
771 2965 964 3031 mentionem
998 2964 1086 3050 facit,
1129 2972 1280 3048 tanquam
1314 2969 1424 3028 trunco

210 3086 368 3132 ramorum
404 3087 462 3133 seu
497 3068 653 3153 principio
686 3068 879 3152 reliquorum
912 3069 1225 3154 Martyrologiorum,
1268 3087 1328 3134 nec
1361 3087 1425 3133 non

212 3191 284 3236 curn
306 3171 346 3235 iis
369 3169 550 3255 cohaerent,
583 3193 665 3255 quae
688 3192 786 3257 supra
804 3173 885 3238 Xlll
906 3173 1076 3240 innuimus.
1113 3172 1298 3258 Dispescuit
1319 3177 1425 3236 antem

212 3275 510 3341 commentationem
541 3275 705 3360 praeviam
736 3276 769 3341 in
801 3275 913 3342 decem
945 3277 1064 3363 capita,
1103 3296 1234 3361 quornm
1262 3275 1295 3340 in
1323 3275 1425 3360 primo
1467 3341 1470 3348 ,

214 3378 255 3444 de
284 3384 398 3443 exacta
430 3376 597 3462 diligentia
627 3380 757 3447 disserit
787 3380 931 3446 adhibita
953 3402 973 3446 a
996 3381 1029 3447 S.
1053 3383 1199 3448 Romana
1224 3379 1371 3446 Ecclesia
1392 3379 1425 3444 in

215 3481 453 3548 conscribendis
468 3484 562 3550 rebus
579 3484 680 3567 gestis
696 3491 876 3552 sanctorum
892 3485 1077 3570 Martyrum.
1102 3485 1205 3570 Oaput
1221 3483 1295 3554 dein
1315 3503 1425 3550 secun-

213 3587 288 3652 dum
319 3593 443 3672 spectat
473 3587 516 3652 ad
547 3607 587 3653 ea
617 3609 700 3672 quae
732 3588 773 3654 de
795 3589 982 3656 Sanctorum
1015 3589 1155 3656 historiis
1172 3579 1228 3655 ¹ab
1256 3586 1425 3654 haereticis

212 3691 264 3757 vel
286 3690 359 3757 aliis
382 3690 465 3757 falsa
488 3692 607 3778 scripta
630 3697 714 3758 sunt.
760 3693 796 3757 ln
820 3693 924 3777 capite
947 3693 1039 3760 tertio
1063 3695 1103 3761 de
1125 3695 1283 3760 immensa
1304 3692 1427 3760 iactura

213 3815 307 3878 quam
339 3815 438 3880 passa
460 3801 534 3861 sunt
555 3796 614 3862 sub
637 3795 838 3862 Diocletiano
862 3801 935 3862 acta
957 3796 1016 3862 SS.
1038 3799 1226 3884 Martyrum,
1258 3797 1292 3860 in
1314 3801 1426 3878 quarto

213 3899 254 3964 de
276 3900 407 3983 antiquo
430 3899 612 3966 eorumdem
637 3899 722 3966 cultu
744 3899 858 3984 agitur,
883 3900 968 3966 unde
991 3901 1151 3968 scribendi
1166 3899 1426 3985 Martyrolcgium

214 4005 356 4071 manavit
386 4005 524 4070 occasio,
569 4005 605 4069 ln
635 4004 739 4090 eapite
767 4005 876 4088 quinto
904 4005 1078 4092 quaeritur,
1113 4005 1268 4088 aquibus
1291 4003 1426 4088 primum

215 4109 333 4193 scripta
356 4107 420 4174 sint
441 4107 683 4192 Martyrologia3
723 4109 829 4194 capita
856 4116 981 4175 sextum
1005 4116 1037 4175 et
1058 4109 1227 4194 septimum
1260 4112 1428 4174 versantur

213 4211 246 4276 in
269 4211 386 4278 criticis
418 4212 746 4294 argumentationibus
773 4213 814 4279 de
837 4198 967 4279 ldnsebii
998 4213 1078 4279 libro
1106 4211 1147 4277 de
1169 4211 1361 4297 Martyribus
1389 4231 1428 4276 ac

215 4315 358 4381 eiusdem
381 4315 528 4381 versione
556 4337 638 4400 quae
665 4319 836 4408 putabatur
857 4316 1122 4402 Hieronymiana‚
1155 4336 1278 4382 necnon
1302 4313 1342 4380 de
1364 4312 1428 4378 fide

215 4420 419 4504 epistolarum
448 4439 530 4502 quae
558 4420 745 4506 Chromatii,
777 4421 942 4486 Heliodori
965 4428 996 4487 et
1017 4421 1204 4505 Hieronymi
1232 4419 1359 4484 nomine
1382 4417 1428 4482 in·

215 4526 352 4610 scriptae
375 4530 457 4590 sunt.
495 4525 532 4589 ln
555 4527 659 4610 capite
682 4534 794 4592 octavo
818 4525 858 4592 de
881 4527 1011 4610 antique
1034 4525 1262 4610 Martyrologio
1285 4524 1428 4588 Romane

215 4631 343 4714 saepius
370 4636 472 4716 aucto,
498 4630 531 4694 in
555 4651 639 4696 nono
664 4630 705 4697 de
726 4633 860 4696 caeteris
887 4631 1026 4714 antiquis
1050 4628 1285 4715 Martyrologiis
1310 4627 1428 4710 Bedae‚

214 4734 314 4820 Flori,
353 4735 506 4821 Usuardi,
544 4734 777 4821 Wandelberti,
815 4733 956 4820 Adonis3
1002 4736 1035 4802 iu
1069 4735 1192 4801 decimo
1226 4731 1355 4798 tandem
1389 4730 1430 4797 de
1518 4797 1525 4812 ,
