3350 5484
812 355 854 422 63

227 511 374 596 ficerunt,
406 511 490 579 inter
521 517 630 578 cetera
659 507 888 594 Manuscripta,
921 525 1006 592 quae
1034 506 1069 574 in
1093 505 1214 590 insigni
1243 501 1443 570 Bibliotheca

227 615 438 682 Vallicellana
465 621 645 699 servantur,
676 613 769 700 plura
796 631 869 678 esse
891 609 1062 696 splendida
1087 609 1216 693 quidem
1238 611 1442 675 monumenta

229 718 271 784 ad
293 719 517 786 Venerabilem
539 717 648 783 Virum
672 715 875 784 Cardinalem
899 715 1069 781 Baronium
1091 714 1295 796 transmissa,
1328 710 1442 794 quihus

228 825 392 909 probatur,
435 821 543 906 aliqua
580 822 769 888 Sanctorum
807 817 937 885 nomina
971 819 1004 884 in
1034 818 1178 884 Romano
1215 812 1443 900 Martyrologio

228 927 386 993 immerito
408 925 507 1018 fuisse
529 925 806 1011 praetermissaff)
842 920 995 1006 ideoque,
1027 920 1142 990 codem
1165 918 1303 988 Baronio
1328 915 1443 1000 iudice,

230 1029 263 1095 in
286 1051 403 1098 novam
429 1029 649 1115 Martyrologii
673 1028 870 1108 Editionem,
902 1023 1030 1108 quando
1052 1045 1124 1092 eam
1146 1023 1215 1091 fieri
1237 1021 1445 1104 contingeret,

230 1153 303 1200 esse
337 1132 570 1200 transferenda.
628 1131 783 1198 Indicium
819 1129 880 1196 hoc
910 1129 951 1196 de
981 1129 1111 1196 invento
1148 1127 1297 1195 thesauro
1333 1124 1446 1191 libenti

231 1237 338 1302 animo
362 1237 557 1322 excepimus.
593 1237 684 1321 Hinc,
707 1236 795 1302 nulla
816 1233 1005 1318 interposita
1026 1253 1124 1319 mora,
1148 1232 1274 1299 chartas
1290 1237 1323 1298 et
1336 1249 1445 1295 monu-

213 1388 215 1392 -
231 1348 339 1408 menta
352 1341 461 1408 omnia
471 1340 513 1406 ad
524 1342 590 1408 Nos
606 1339 723 1406 deterri
738 1337 927 1422 curavimus,
943 1337 1127 1422 evolvimus,
1148 1336 1360 1421 inspeximus,
1377 1331 1445 1417 sed,
1474 1361 1475 1364 ¹

231 1451 341 1511 contra
354 1450 619 1530 praeconceptam
634 1444 904 1530 exspectationem
919 1441 997 1506 nihil
1008 1440 1137 1508 audiere
1147 1440 1225 1505 nihil
1234 1438 1277 1506 ad
1288 1458 1354 1505 rem
1363 1435 1447 1502 hanc

232 1553 443 1634 opportunum
465 1547 699 1614 adinvenimus.
745 1548 814 1612 Imo
835 1565 926 1628 vero,
953 1543 1038 1627 quod
1060 1544 1213 1628 peculiari
1235 1540 1447 1609 admiratione

232 1649 363 1732 dignum
386 1656 456 1736 est,¹
482 1656 604 1717 tantum
627 1651 721 1716 abest
741 1657 777 1715 ut
798 1648 948 1733 egregius
970 1647 1025 1712 ille
1048 1645 1228 1713 Cardinalis
1259 1643 1450 1731 propensior

232 1753 327 1820 fuerit
347 1753 390 1819 ad
411 1754 585 1822 inserenda
606 1756 639 1820 in
661 1775 777 1821 novam
804 1751 1025 1838 Martyrologii
1051 1750 1232 1816 Editionem
1259 1749 1447 1815 Sanctorum

232 1859 357 1926 illorum
387 1857 530 1942 nomina,
562 1863 597 1922 ut
617 1857 736 1942 potius,
769 1857 850 1924 sicut
872 1877 891 1922 e
912 1855 1109 1923 brevioribus
1142 1853 1331 1940 quibusdam
1363 1851 1447 1919 notis

234 1962 275 2028 ab
289 1961 345 2027 illo
367 1960 486 2028 additis
509 1959 597 2028 licuit
618 1981 763 2046 arguero,
785 1961 821 2026 in
835 1962 1014 2048 oppositam
1038 1958 1228 2026 sententiam
1251 1955 1449 2025 descendere

233 2064 388 2134 videatur.
432 2064 603 2132 Enimvero
626 2066 705 2132 scite
728 2063 966 2149 animadvertit,
1000 2063 1162 2130 nominum
1184 2061 1309 2128 illorum
1332 2059 1449 2126 seriem

234 2177 289 2236 aut
320 2169 407 2238 solos
438 2168 500 2234 Dei
532 2167 650 2235 Servos
686 2167 968 2254 comprehendere,
1006 2185 1138 2250 quorum
1170 2164 1271 2230 cultus
1302 2161 1449 2249 angustis

233 2273 440 2362 peculiarium
461 2271 601 2339 locorum
624 2270 739 2338 finibus
762 2271 952 2356 continetur,
975 2277 1030 2338 aut
1051 2271 1111 2337 sub
1132 2267 1238 2336 latiori
1261 2266 1449 2334 Sanctorum

120 2409 122 2415 v
198 2371 201 2378 ’
234 2377 324 2444 titulo
352 2377 471 2443 Beatos
502 2374 658 2443 duntaxat
686 2375 860 2461 attingere,
892 2395 1024 2458 quorum
1050 2371 1181 2441 nomina
1201 2373 1345 2438 Romano
1367 2370 1450 2436 Mar·

234 2480 393 2568 tyrologio
414 2479 578 2548 accenseri
599 2498 664 2546 non
685 2477 821 2546 solent.“
1140 2483 1144 2491 ’

346 2757 364 2826 ¹)
382 2751 539 2812 Benedicti
551 2753 635 2812 XIV.
653 2753 779 2810 Litterae
797 2753 1032 2826 Apostolicaede
1044 2771 1122 2811 nova
1133 2755 1214 2810 Mart.
1226 2753 1307 2808 Rom.
1326 2751 1451 2807 editione

237 2842 274 2898 ad
292 2841 433 2898 Joannem
452 2843 487 2898 V.
504 2860 531 2897 n.
550 2841 628 2897 XIV.

343 2929 364 2998 ²)
381 2931 522 2985 Hortante
547 2928 685 2984 Pederieo
708 2927 853 2982 Cardinali
874 2927 1049 2982 Borromaeo
1073 2928 1297 2998 Archiepisoopo
1316 2922 1452 2979 Mediola-

238 3017 326 3088 nensi,
343 3015 492 3086 Philippus
508 3012 671 3074 Ferrarius
689 3013 801 3069 Ordinis
819 3013 973 3070 Servorum
985 3014 1017 3069 B.
1026 3015 1134 3068 Mariae
1145 3012 1271 3083 Virginis
1290 3011 1453 3080 catalogum

238 3103 400 3174 generalem
424 3101 608 3174 Sanctorum,
634 3101 732 3172 quiin
753 3101 960 3172 Martyrologio
982 3101 1112 3156 Romano
1139 3098 1275 3168 descripti
1299 3113 1357 3152 nou
1381 3100 1455 3166 sunt,

240 3191 329 3247 edidit
346 3207 371 3246 a.
390 3190 466 3246 1625.
501 3190 613 3260 (Prosp.
632 3189 668 3245 dc
685 3185 889 3246 Lambertirec's
906 3189 950 3244 De
970 3187 1051 3244 Serv.
1069 3187 1123 3243 Dei
1141 3184 1242 3242 Beatif.
1260 3186 1292 3240 L.
1305 3183 1355 3239 IV.
1373 3183 1404 3240 P.
1417 3182 1454 3238 II.

240 3294 303 3348 cap.
322 3279 363 3333 17.
382 3294 409 3332 n.
428 3278 464 3346 7.)

760 3695 761 3700 ¹
793 3659 908 3747 XLI.

346 3937 383 4001 In
415 3935 576 4002 adnotatis
607 3935 650 4002 ad
682 3955 830 4019 eaquae
861 3935 953 4002 Nono
980 3933 1053 4002 Kal.
1086 3934 1214 4004 Octobr.
1241 3935 1275 4000 in
1301 3933 1457 4018 Martyro-

243 4038 329 4124 logio
360 4039 401 4106 de
434 4040 467 4106 S.
499 4038 621 4106 Thecla
651 4039 853 4126 habentur,¹)
890 4038 1046 4104 Baronius
1077 4037 1344 4124 quemadmodum
1376 4037 1459 4102 Acta

242 4142 334 4210 Pauli
353 4155 386 4210 et
400 4142 541 4210 Theclae
555 4164 576 4210 a
590 4143 778 4230 presbytero
802 4141 943 4209 Asiatico
966 4141 1101 4210 conficta
1123 4165 1194 4211 cum
1216 4139 1457 4224 Tertulliano,⁹)

242 4245 485 4333 Hieronymo,³)
522 4246 689 4335 helcaim)
726 4246 809 4316 inter
839 4245 1040 4332 apocryphas
1076 4247 1249 4334 scripturas
1287 4249 1458 4329 computat,

231 4351 290 4416 ita
316 4371 387 4416 cum
413 4350 453 4417 iis
479 4352 663 4434 neutiquam
694 4349 844 4433 concinit,
876 4350 930 4433 qui
956 4349 1082 4416 incaute
1113 4349 1207 4416 nimis
1241 4347 1348 4414 omnia
1375 4365 1458 4430 quae

246 4453 286 4521 de
308 4453 429 4521 Thecla
459 4454 657 4540 reperiuntur
688 4453 819 4538 scripta,
852 4458 1004 4537 tanquam
1035 4455 1139 4520 minus
1166 4453 1315 4538 probata,
1347 4455 1460 4536 putant

245 4577 318 4624 esse
348 4557 536 4644 reiicicnda,
570 4557 691 4622 nullum
721 4562 877 4642 ponentes
910 4555 1081 4623 discrimen
1108 4559 1289 4646 intervera
1310 4561 1460 4641 certaque

246 4668 278 4729 et
299 4661 451 4746 ambigua
474 4661 527 4729 vel
553 4659 646 4728 falsa.
690 4659 785 4728 Unde
806 4659 840 4726 in
861 4659 911 4728 his
939 4660 1078 4746 laborat,
1109 4667 1144 4728 ut
1165 4662 1340 4749 pretiosum
1362 4679 1384 4724 a
1404 4657 1461 4725 vili

246 4772 279 4834 et
300 4773 413 4835 sancta
434 4787 455 4834 a
476 4765 619 4854 profanis
651 4764 864 4851 distinguens,
897 4783 980 4849 quae
1005 4763 1185 4850 improbata
1211 4770 1307 4850 atque
1329 4760 1458 4849 reiecta,
