3350 5484
806 347 848 414 82

414 403 417 436 l

221 512 396 590 enumerat,
431 504 486 589 qui
511 525 682 588 numquam
713 503 852 586 luerunt,
888 507 1025 585 et.quos
1056 502 1156 570 fuisse
1187 505 1339 574 describit
1364 509 1433 576 Ori·

220 608 365 690 genistas
388 615 420 675 et
441 609 482 674 ab
505 607 673 694 Episcopis
705 608 873 674 damnatos
893 593 979 674 ‘esse
1004 627 1069 674 non
1099 607 1229 676 dubium
1257 613 1326 678 est“
1361 619 1432 700 etc,

219 733 284 778 non
299 711 341 778 ad
356 712 528 796 Evagrium
551 711 719 778 referenda
741 716 824 794 sunt,
848 711 906 776 sed
922 711 965 776 ad
979 709 1125 777 Rufinum
1148 715 1217 780 eius
1233 715 1433 804 discipulum,

220 836 314 899 quem
337 815 473 882 eundem
496 816 594 883 libros
616 836 674 901 per
696 815 859 882 Orientem
890 835 1025 898 graecos
1048 815 1178 899 Evagrii
1200 819 1323 886 Pontici
1353 843 1433 905 quos

220 926 366 987 recenset
398 919 577 1006 complures
610 921 851 1004 interpretatum
884 938 957 984 esse
988 939 1009 984 a
1038 919 1162 986 Latinis
1193 923 1226 988 in
1259 923 1433 992 Occidente

210 1015 378 1093 ‘lectitatos
402 1026 436 1092 S.
458 1025 672 1110 Hieronymus
695 1029 839 1089 testatur.

230 1227 463 1241 *—

327 1336 346 1402 ¹)
363 1335 416 1391 Vir
438 1351 506 1392 sane
529 1336 558 1390 in
582 1335 714 1392 eruendis
737 1351 771 1390 ac
796 1333 963 1405 colligendis
990 1335 1167 1405 antiquitatis
1189 1341 1276 1406 atque
1298 1339 1434 1396 historiae

221 1421 433 1478 ecclesiasticae
459 1423 586 1492 reliquiis
614 1415 845 1494 diligentissimus
863 1437 897 1476 ao
915 1420 1107 1493 fidelissimus3
1136 1423 1217 1477 cuius
1234 1425 1274 1480 rei
1293 1427 1434 1495 specimen

219 1527 277 1566 non
303 1526 389 1564 unum
416 1509 508 1580 dedit,
538 1527 602 1565 cum
626 1514 756 1565 veterum
783 1509 952 1577 scriptorum
979 1508 1114 1578 operibus
1140 1510 1260 1578 primum
1286 1513 1315 1566 in
1342 1514 1434 1569 lucem

220 1597 317 1668 editis,
351 1601 411 1652 tum
438 1597 616 1652 orationibus
644 1597 734 1652 variis
760 1595 798 1650 ad
823 1595 1001 1650 iuventutem
1030 1596 1231 1652 Academicam
1261 1597 1366 1654 habitis
1398 1600 1434 1655 de

219 1684 344 1738 materiis
368 1683 511 1754 plerisque
533 1699 568 1739 ex
591 1684 691 1738 ultima
714 1681 881 1751 antiquitate
909 1682 1103 1738 ecclesiastica
1125 1684 1261 1754 repetitis.
1296 1683 1433 1752 (Alberu'c

220 1769 473 1841 Mmmw

325 1856 345 1922 ²)
364 1855 422 1911 cn.
440 1853 607 1928 Fhs‘cdrich,
625 1853 913 1926 Kircheugeschichte
931 1853 1141 1909 Deutsohlands
1159 1855 1182 1926 Ι,
1202 1857 1253 1912 141
1272 1873 1312 1928 sq.

326 1943 459 2013 ³)Locus
484 1943 532 2014 qui
555 1941 657 2014 agonis
679 1939 707 1996 S.
730 1937 852 1996 Ursulae
875 1942 1021 2011 palaestra
1045 1923 1209 1997 constanter
1233 1943 1270 1998 ab
1294 1944 1437 2000 universis

219 2031 248 2086 iu
265 2030 340 2086 hunc
361 2046 453 2101 usque
476 2031 550 2086 diem
573 2034 617 2085 est
633 2027 763 2098 habitus,
789 2026 814 2082 is
832 2031 900 2082 tunc
923 2028 1059 2098 temporis
1083 2028 1263 2098 longiuscule
1281 2047 1299 2086 a
1315 2029 1436 2086 Colonia

220 2117 358 2180 Ubiorum
376 2122 438 2173 crat
456 2117 583 2172 dissitus:
609 2131 684 2170 nunc
703 2117 852 2183 autemex
869 2113 1043 2168 ancorum
1061 2119 1089 2169 et
1106 2114 1283 2170 ludaeorum
1301 2117 1435 2186 plurimo·

218 2221 281 2259 rum
292 2205 382 2276 (quod
394 2205 506 2259 illorum
518 2203 645 2272 loquitur
657 2200 879 2270 antiquissimum
898 2201 1104 2271 coemeterium,
1122 2203 1270 2271 permultis
1287 2203 1435 2258 Hebraicis

220 2291 374 2362 epitaphiis
393 2293 570 2358 exornatum)
589 2289 715 2345 incolatu
734 2287 771 2342 ad
783 2285 887 2342 flexum
903 2286 993 2341 Rheni
1010 2286 1102 2342 forma
1119 2287 1266 2360 hemicycli
1291 2294 1436 2344 extensum

219 2379 459 2449 longissime...
496 2374 526 2431 si
554 2391 623 2446 ergo
651 2375 751 2430 classis
775 2373 826 2428 illa
854 2372 881 2428 S.
908 2373 1029 2428 Ursulae
1056 2373 1110 2428 fuit
1135 2375 1165 2429 vi
1193 2377 1371 2446 tempestatis
1398 2377 1436 2431 ad

219 2465 361 2521 Wahalim
380 2465 513 2535 depulsa,
538 2463 617 2518 nullo
635 2462 752 2532 negotio
770 2459 912 2514 naucleris
930 2461 1010 2515 licuit
1027 2461 1066 2516 ad
1082 2465 1190 2516 rectum
1208 2462 1299 2518 Rheni
1322 2479 1436 2518 cursum

220 2568 255 2607 ex
277 2550 517 2608 internatantibus
538 2550 644 2619 passim
668 2547 768 2604 insulis
789 2563 879 2602 naves
903 2547 1026 2617 dirigere
1050 2552 1100 2603 aut
1117 2548 1215 2617 potius
1237 2549 1331 2604 ventis
1353 2550 1435 2605 dare:

220 2638 268 2709 qui
281 2654 331 2694 eos
342 2639 371 2692 in
382 2654 482 2693 manus
494 2637 660 2691 Hunnorum
676 2635 846 2690 invexerunt
858 2637 911 2688 etc.
936 2632 1174 2701 (Mart.'Ploutic.
1187 2636 1264 2691 1589.
1277 2653 1304 2706 p.
1316 2637 1368 2692 466
1381 2637 1433 2706 sq.)

324 2726 345 2794 ⁴)
364 2725 458 2796 quiin
476 2723 599 2795 gratiam
617 2722 644 2779 S.
663 2721 788 2777 Thomae
806 2720 958 2790 Aquinatis
982 2721 1168 2791 condiscipuli
1191 2722 1313 2777 vertisse
1332 2722 1435 2777 dicitur

219 2811 402 2867 Aristotelem
426 2827 442 2866 e
466 2810 577 2866 Graeco
604 2809 738 2865 idiomate
765 2807 794 2862 in
821 2807 960 2862 Latinum.
1006 2805 1062 2862 Otr.
1089 2807 1161 2863 Rob.
1188 2806 1372 2864 Bellormici
1399 2808 1434 2863 de

220 2898 413 2968 scriptoribus
434 2897 598 2952 Ecclesiast.
621 2896 681 2952 Lib.
703 2895 774 2966 (Col.
793 2895 872 2963 1657)
896 2911 923 2964 p.
941 2893 992 2948 251
1011 2909 1052 2964 aq.
1077 2897 1106 2947 et
1127 2891 1237 2961 Basse,
1263 2893 1384 2948 Grundr.
1408 2893 1435 2948 d.

220 2985 326 3041 christi.
343 2985 496 3040 Literatur.
513 2984 550 3039 II.
568 2983 787 3039 Mtinster1829.
806 2999 834 3052 p.
852 2981 904 3034 229
922 2996 964 3050 sq.

326 3071 348 3136 ⁵)
366 3070 444 3142 Opus
461 3070 539 3125 istud
558 3071 642 3125 etiam
659 3071 769 3125 Bonum
786 3067 949 3122 universale
968 3066 1004 3121 de
1023 3067 1124 3136 apibus
1142 3067 1269 3138 mysticis
1287 3071 1338 3121 aut
1348 3065 1435 3121 Liber

218 3157 314 3228 Apum
330 3157 501 3213 inscribitur.
529 3156 625 3212 Editio
646 3149 812 3212 Colocaem'c'
828 3153 987 3209 Duacensis
999 3169 1024 3208 a.
1038 3153 1105 3208 1597
1123 3153 1229 3223 pluries
1246 3153 1369 3222 repetita
1381 3156 1427 3206 est

324 3245 345 3313 ⁶)
364 3243 392 3300 S.
409 3245 440 3299 P.
458 3243 492 3299 N.
511 3237 674 3297 Athanasii
691 3240 762 3310 Opp.
781 3241 825 3296 ed.
842 3239 954 3313 Mipne.
982 3241 1014 3296 T.
1033 3240 1069 3294 II.
1097 3241 1162 3294 Par.
1181 3239 1373 3320 18511823
1392 3255 1435 3308 sq.

326 3331 347 3398 ⁷)
365 3329 421 3385 Gfr.
438 3327 563 3398 Focaler,
581 3329 649 3383 Inst.
667 3327 814 3398 Patrolog.
832 3329 855 3399 Ι,
873 3329 925 3383 656
943 3344 984 3397 sq.

326 3415 416 3487 ¹)Ep.
435 3418 486 3472 133
508 3415 547 3471 ad
570 3413 781 3485 Ctesiphontem
809 3420 909 3470 contra
930 3413 1086 3484 Pelagium.
1122 3412 1149 3468 S.
1170 3408 1346 3486 Hieronymi
1364 3409 1434 3481 Opp.
1536 3417 1539 3426 '

221 3503 265 3560 ed.
283 3500 393 3575 Mipae.
413 3502 522 3573 Ι,1147
540 3515 582 3571 sq.

326 3589 347 3658 ⁹)
365 3589 409 3644 ed.
427 3585 617 3661 Roawcydos.
635 3589 813 3659 Antverpiae
831 3586 908 3642 1615.

319 3677 349 3745 ¹⁰)
367 3675 438 3746 Opp.
457 3675 480 3746 1,
499 3675 575 3730 1151.

804 4063 852 4146 L.

320 4351 443 4417 Novem
474 4349 568 4417 annis
598 4355 672 4438 post
703 4351 900 4434 divulgatam
932 4348 1103 4416 editionem
1134 4349 1370 4418 Plautinianam
1402 4357 1434 4418 et
1490 4399 1495 4410 .

219 4452 332 4519 codem
354 4453 422 4521 fere
444 4475 508 4539 quo
531 4462 663 4522 octavus
686 4455 858 4522 Annalium
880 4461 985 4520 tomus
1007 4459 1150 4540 tempore
1161 4453 1187 4540 ¹)
1216 4454 1310 4521 tertia
1331 4476 1433 4539 eaque

218 4556 344 4641 ultima,
378 4577 474 4639 quam
501 4559 650 4642 equidem
676 4560 797 4644 novi,⁹)
831 4556 1052 4644 Martyrologii
1078 4555 1214 4623 Romani
1246 4576 1318 4623 cum
1344 4565 1433 4624 nota-

217 4661 356 4728 tionibus
378 4660 528 4729 Caesaris
552 4661 682 4730 Baronii
712 4662 809 4730 editio
832 4665 954 4729 Romae
976 4681 1017 4729 ex
1039 4658 1255 4747 typographia
1276 4661 1434 4728 Vaticana

218 4786 248 4831 a.
273 4769 357 4833 1598
378 4765 496 4852 prodiit
517 4787 538 4833 a
559 4767 696 4835 Barouio
719 4767 790 4853 ipso
812 4766 1015 4852 adornata‚³)
1038 4766 1093 4848 qui
1116 4784 1195 4832 sane
1217 4765 1250 4831 in
1272 4765 1432 4851 publicum
