<?xml version="1.0" encoding="UTF-8"?>
<!DOCTYPE html PUBLIC "-//W3C//DTD XHTML 1.0 Transitional//EN"
    "http://www.w3.org/TR/xhtml1/DTD/xhtml1-transitional.dtd">
<html xmlns="http://www.w3.org/1999/xhtml" xml:lang="en" lang="en">
 <head>
  <title>
</title>
<meta http-equiv="Content-Type" content="text/html;charset=utf-8" />
  <meta name='ocr-system' content='tesseract 3.04.00' />
  <meta name='ocr-capabilities' content='ocr_page ocr_carea ocr_par ocr_line ocrx_word'/>
</head>
<body>
  <div class='ocr_page' id='page_1' title='image "./demartyrologior00laemgoog_0081.png"; bbox 0 0 3350 5484; ppageno 0'>
   <div class='ocr_carea' id='block_1_1' title="bbox 815 337 856 402">
    <p class='ocr_par' dir='ltr' id='par_1_1' title="bbox 815 337 856 402">
     <span class='ocr_line' id='line_1_1' title="bbox 815 337 856 402; baseline 0.049 -2"><span class='ocrx_word' id='word_1_1' title='bbox 815 337 856 402; x_wconf 90' lang='grc'>76</span> 
     </span>
    </p>
   </div>
   <div class='ocr_carea' id='block_1_2' title="bbox 225 479 1442 1197">
    <p class='ocr_par' dir='ltr' id='par_1_2' title="bbox 225 479 1442 1197">
     <span class='ocr_line' id='line_1_2' title="bbox 225 479 1440 580; baseline 0.009 -30"><span class='ocrx_word' id='word_1_2' title='bbox 225 479 294 552; x_wconf 90' lang='lat' dir='ltr'>eius</span> <span class='ocrx_word' id='word_1_3' title='bbox 317 485 416 552; x_wconf 88' lang='lat' dir='ltr'>frater</span> <span class='ocrx_word' id='word_1_4' title='bbox 436 487 469 553; x_wconf 85' lang='lat' dir='ltr'>S.</span> <span class='ocrx_word' id='word_1_5' title='bbox 497 485 845 580; x_wconf 54' lang='lat' dir='ltr'>Isidoruspracfuitss)</span> <span class='ocrx_word' id='word_1_6' title='bbox 877 493 909 554; x_wconf 91' lang='lat' dir='ltr'>ct</span> <span class='ocrx_word' id='word_1_7' title='bbox 931 489 1051 557; x_wconf 88' lang='lat' dir='ltr'>obiisse</span> <span class='ocrx_word' id='word_1_8' title='bbox 1078 491 1204 559; x_wconf 90' lang='lat' dir='ltr'>videtur</span> <span class='ocrx_word' id='word_1_9' title='bbox 1225 500 1300 561; x_wconf 88' lang='lat' dir='ltr'>ante</span> <span class='ocrx_word' id='word_1_10' title='bbox 1322 515 1440 561; x_wconf 88' lang='lat' dir='ltr'>annum</span> 
     </span>
     <span class='ocr_line' id='line_1_3' title="bbox 226 589 1441 680; baseline 0.01 -26"><span class='ocrx_word' id='word_1_11' title='bbox 226 593 298 672; x_wconf 85' lang='grc'>633,</span> <span class='ocrx_word' id='word_1_12' title='bbox 322 608 384 670; x_wconf 93' lang='lat' dir='ltr'>quo</span> <span class='ocrx_word' id='word_1_13' title='bbox 407 589 605 676; x_wconf 89' lang='lat' dir='ltr'>subscriptus</span> <span class='ocrx_word' id='word_1_14' title='bbox 628 591 745 674; x_wconf 88' lang='lat' dir='ltr'>legitur</span> <span class='ocrx_word' id='word_1_15' title='bbox 761 592 938 658; x_wconf 87' lang='lat' dir='ltr'>Toletanae</span> <span class='ocrx_word' id='word_1_16' title='bbox 960 593 1084 680; x_wconf 87' lang='lat' dir='ltr'>synodo</span> <span class='ocrx_word' id='word_1_17' title='bbox 1108 601 1240 679; x_wconf 81' lang='lat' dir='ltr'>quartae</span> <span class='ocrx_word' id='word_1_18' title='bbox 1262 599 1441 666; x_wconf 87' lang='lat' dir='ltr'>Habentius</span> 
     </span>
     <span class='ocr_line' id='line_1_4' title="bbox 225 693 1439 787; baseline 0.008 -30"><span class='ocrx_word' id='word_1_19' title='bbox 225 693 395 777; x_wconf 88' lang='lat' dir='ltr'>episcopus</span> <span class='ocrx_word' id='word_1_20' title='bbox 416 693 631 778; x_wconf 83' lang='lat' dir='ltr'>Astigitanns3</span> <span class='ocrx_word' id='word_1_21' title='bbox 653 701 796 782; x_wconf 92' lang='lat' dir='ltr'>tempore</span> <span class='ocrx_word' id='word_1_22' title='bbox 818 705 924 762; x_wconf 88' lang='lat' dir='ltr'>autem</span> <span class='ocrx_word' id='word_1_23' title='bbox 940 697 1063 781; x_wconf 89' lang='lat' dir='ltr'>Ervigii</span> <span class='ocrx_word' id='word_1_24' title='bbox 1085 699 1182 784; x_wconf 85' lang='lat' dir='ltr'>Regis</span> <span class='ocrx_word' id='word_1_25' title='bbox 1197 700 1439 787; x_wconf 89' lang='lat' dir='ltr'>Theodulphum</span> 
     </span>
     <span class='ocr_line' id='line_1_5' title="bbox 225 795 1441 890; baseline 0.011 -31"><span class='ocrx_word' id='word_1_26' title='bbox 225 795 259 860; x_wconf 92' lang='lat' dir='ltr'>in</span> <span class='ocrx_word' id='word_1_27' title='bbox 294 795 446 864; x_wconf 75' lang='lat' dir='ltr'><strong>cathedra</strong></span> <span class='ocrx_word' id='word_1_28' title='bbox 483 797 659 884; x_wconf 87' lang='lat' dir='ltr'>episcopali</span> <span class='ocrx_word' id='word_1_29' title='bbox 695 800 878 882; x_wconf 83' lang='lat' dir='ltr'>Astigitana</span> <span class='ocrx_word' id='word_1_30' title='bbox 915 800 1039 867; x_wconf 82' lang='lat' dir='ltr'>sedisse</span> <span class='ocrx_word' id='word_1_31' title='bbox 1076 823 1116 868; x_wconf 85' lang='lat' dir='ltr'>cx</span> <span class='ocrx_word' id='word_1_32' title='bbox 1155 805 1441 890; x_wconf 89' lang='lat' dir='ltr'>subscriptionibus</span> 
     </span>
     <span class='ocr_line' id='line_1_6' title="bbox 226 893 1441 992; baseline 0.008 -28"><span class='ocrx_word' id='word_1_33' title='bbox 226 899 360 966; x_wconf 90' lang='lat' dir='ltr'>aliorum</span> <span class='ocrx_word' id='word_1_34' title='bbox 384 893 587 968; x_wconf 85' lang='lat' dir='ltr'>conciliorum</span> <span class='ocrx_word' id='word_1_35' title='bbox 610 904 719 987; x_wconf 89' lang='lat' dir='ltr'>liquet.</span> <span class='ocrx_word' id='word_1_36' title='bbox 763 903 966 984; x_wconf 81' lang='lat' dir='ltr'>Fulgentium</span> <span class='ocrx_word' id='word_1_37' title='bbox 994 904 1090 988; x_wconf 89' lang='lat' dir='ltr'>igitur</span> <span class='ocrx_word' id='word_1_38' title='bbox 1115 929 1301 992; x_wconf 86' lang='lat' dir='ltr'>germanum</span> <span class='ocrx_word' id='word_1_39' title='bbox 1326 909 1360 975; x_wconf 86' lang='lat' dir='ltr'>S.</span> <span class='ocrx_word' id='word_1_40' title='bbox 1385 909 1441 976; x_wconf 93' lang='lat' dir='ltr'>lsi·</span> 
     </span>
     <span class='ocr_line' id='line_1_7' title="bbox 227 1002 1441 1100; baseline 0.008 -32"><span class='ocrx_word' id='word_1_41' title='bbox 227 1002 309 1087; x_wconf 91' lang='lat' dir='ltr'>dori,</span> <span class='ocrx_word' id='word_1_42' title='bbox 341 1003 395 1086; x_wconf 91' lang='lat' dir='ltr'>qui</span> <span class='ocrx_word' id='word_1_43' title='bbox 421 1003 464 1070; x_wconf 92' lang='lat' dir='ltr'>ad</span> <span class='ocrx_word' id='word_1_44' title='bbox 490 1005 594 1092; x_wconf 93' lang='lat' dir='ltr'>ipsum</span> <span class='ocrx_word' id='word_1_45' title='bbox 626 1007 706 1074; x_wconf 90' lang='lat' dir='ltr'>duos</span> <span class='ocrx_word' id='word_1_46' title='bbox 738 1008 835 1073; x_wconf 92' lang='lat' dir='ltr'>libros</span> <span class='ocrx_word' id='word_1_47' title='bbox 863 1007 903 1072; x_wconf 92' lang='lat' dir='ltr'>dc</span> <span class='ocrx_word' id='word_1_48' title='bbox 931 1008 1166 1079; x_wconf 89' lang='lat' dir='ltr'>Ecclesiasticis</span> <span class='ocrx_word' id='word_1_49' title='bbox 1198 1013 1311 1079; x_wconf 82' lang='lat' dir='ltr'>officiis</span> <span class='ocrx_word' id='word_1_50' title='bbox 1345 1013 1441 1100; x_wconf 91' lang='lat' dir='ltr'>misit,</span> 
     </span>
     <span class='ocr_line' id='line_1_8' title="bbox 226 1105 1442 1197; baseline 0.012 -28"><span class='ocrx_word' id='word_1_51' title='bbox 226 1105 396 1172; x_wconf 87' lang='lat' dir='ltr'>Patronum</span> <span class='ocrx_word' id='word_1_52' title='bbox 434 1111 579 1176; x_wconf 87' lang='lat' dir='ltr'>venerari</span> <span class='ocrx_word' id='word_1_53' title='bbox 616 1116 648 1177; x_wconf 90' lang='lat' dir='ltr'>et</span> <span class='ocrx_word' id='word_1_54' title='bbox 682 1131 859 1195; x_wconf 81' lang='lat' dir='ltr'>agnoscere</span> <span class='ocrx_word' id='word_1_55' title='bbox 896 1112 1015 1178; x_wconf 81' lang='lat' dir='ltr'>Urbem</span> <span class='ocrx_word' id='word_1_56' title='bbox 1052 1115 1267 1197; x_wconf 86' lang='lat' dir='ltr'>Astigitanam</span> <span class='ocrx_word' id='word_1_57' title='bbox 1307 1122 1442 1184; x_wconf 88' lang='lat' dir='ltr'>testatur</span> 
     </span>
    </p>
   </div>
   <div class='ocr_carea' id='block_1_3' title="bbox 227 1209 1446 2236">
    <p class='ocr_par' dir='ltr' id='par_1_3' title="bbox 227 1209 1446 2236">
     <span class='ocr_line' id='line_1_9' title="bbox 229 1209 1443 1304; baseline 0.008 -30"><span class='ocrx_word' id='word_1_58' title='bbox 229 1209 333 1276; x_wconf 80' lang='lat' dir='ltr'>Suria.</span> <span class='ocrx_word' id='word_1_59' title='bbox 377 1212 455 1279; x_wconf 91' lang='lat' dir='ltr'>Eius</span> <span class='ocrx_word' id='word_1_60' title='bbox 491 1213 620 1297; x_wconf 91' lang='lat' dir='ltr'>quidem</span> <span class='ocrx_word' id='word_1_61' title='bbox 651 1214 757 1280; x_wconf 88' lang='lat' dir='ltr'>Vitam</span> <span class='ocrx_word' id='word_1_62' title='bbox 794 1235 871 1281; x_wconf 90' lang='lat' dir='ltr'>casu</span> <span class='ocrx_word' id='word_1_63' title='bbox 906 1216 1013 1299; x_wconf 91' lang='lat' dir='ltr'>aliquo</span> <span class='ocrx_word' id='word_1_64' title='bbox 1050 1217 1208 1302; x_wconf 88' lang='lat' dir='ltr'>perditam</span> <span class='ocrx_word' id='word_1_65' title='bbox 1241 1224 1345 1304; x_wconf 89' lang='lat' dir='ltr'>putat,</span> <span class='ocrx_word' id='word_1_66' title='bbox 1383 1219 1443 1286; x_wconf 92' lang='lat' dir='ltr'>sed</span> 
     </span>
     <span class='ocr_line' id='line_1_10' title="bbox 228 1316 1443 1403; baseline 0.007 -24"><span class='ocrx_word' id='word_1_67' title='bbox 228 1316 375 1381; x_wconf 89' lang='lat' dir='ltr'>resarciri</span> <span class='ocrx_word' id='word_1_68' title='bbox 405 1338 503 1403; x_wconf 93' lang='lat' dir='ltr'>posse</span> <span class='ocrx_word' id='word_1_69' title='bbox 528 1318 612 1384; x_wconf 87' lang='lat' dir='ltr'>hanc</span> <span class='ocrx_word' id='word_1_70' title='bbox 642 1318 796 1384; x_wconf 83' lang='lat' dir='ltr'>iacturam</span> <span class='ocrx_word' id='word_1_71' title='bbox 820 1340 860 1385; x_wconf 84' lang='lat' dir='ltr'>ex</span> <span class='ocrx_word' id='word_1_72' title='bbox 885 1318 1039 1386; x_wconf 80' lang='lat' dir='ltr'>Chronico</span> <span class='ocrx_word' id='word_1_73' title='bbox 1065 1321 1226 1388; x_wconf 88' lang='lat' dir='ltr'>Ambrosii</span> <span class='ocrx_word' id='word_1_74' title='bbox 1249 1322 1388 1388; x_wconf 88' lang='lat' dir='ltr'>Morales</span> <span class='ocrx_word' id='word_1_75' title='bbox 1411 1327 1443 1388; x_wconf 87' lang='lat' dir='ltr'>ct</span> 
     </span>
     <span class='ocr_line' id='line_1_11' title="bbox 228 1417 1441 1512; baseline 0.006 -28"><span class='ocrx_word' id='word_1_76' title='bbox 228 1438 268 1484; x_wconf 86' lang='lat' dir='ltr'>ex</span> <span class='ocrx_word' id='word_1_77' title='bbox 281 1418 365 1505; x_wconf 88' lang='lat' dir='ltr'>libro</span> <span class='ocrx_word' id='word_1_78' title='bbox 387 1417 523 1504; x_wconf 89' lang='lat' dir='ltr'>hispana</span> <span class='ocrx_word' id='word_1_79' title='bbox 544 1421 656 1506; x_wconf 86' lang='lat' dir='ltr'>liugua</span> <span class='ocrx_word' id='word_1_80' title='bbox 679 1421 797 1507; x_wconf 88' lang='lat' dir='ltr'>scripto</span> <span class='ocrx_word' id='word_1_81' title='bbox 812 1443 870 1508; x_wconf 93' lang='lat' dir='ltr'>per</span> <span class='ocrx_word' id='word_1_82' title='bbox 884 1423 936 1488; x_wconf 84' lang='lat' dir='ltr'>Er.</span> <span class='ocrx_word' id='word_1_83' title='bbox 952 1423 1143 1490; x_wconf 88' lang='lat' dir='ltr'>Roderieum</span> <span class='ocrx_word' id='word_1_84' title='bbox 1159 1425 1441 1512; x_wconf 88' lang='lat' dir='ltr'>Hieronymianum</span> 
     </span>
     <span class='ocr_line' id='line_1_12' title="bbox 227 1521 1443 1613; baseline 0.007 -26"><span class='ocrx_word' id='word_1_85' title='bbox 227 1521 365 1588; x_wconf 92' lang='lat' dir='ltr'>doctum.</span> <span class='ocrx_word' id='word_1_86' title='bbox 410 1521 532 1600; x_wconf 82' lang='lat' dir='ltr'>Quodsi</span> <span class='ocrx_word' id='word_1_87' title='bbox 562 1531 670 1593; x_wconf 88' lang='lat' dir='ltr'>tamen</span> <span class='ocrx_word' id='word_1_88' title='bbox 702 1525 862 1610; x_wconf 84' lang='lat' dir='ltr'>Fulgentii</span> <span class='ocrx_word' id='word_1_89' title='bbox 893 1527 1083 1613; x_wconf 89' lang='lat' dir='ltr'>sapientiam</span> <span class='ocrx_word' id='word_1_90' title='bbox 1112 1535 1144 1595; x_wconf 91' lang='lat' dir='ltr'>ct</span> <span class='ocrx_word' id='word_1_91' title='bbox 1171 1527 1382 1596; x_wconf 89' lang='lat' dir='ltr'>eruditionem</span> <span class='ocrx_word' id='word_1_92' title='bbox 1409 1529 1443 1595; x_wconf 90' lang='lat' dir='ltr'>irr</span> 
     </span>
     <span class='ocr_line' id='line_1_13' title="bbox 227 1597 1440 1716; baseline 0.003 -24"><span class='ocrx_word' id='word_1_93' title='bbox 227 1623 296 1692; x_wconf 90' lang='lat' dir='ltr'>eius</span> <span class='ocrx_word' id='word_1_94' title='bbox 328 1627 476 1713; x_wconf 89' lang='lat' dir='ltr'>operibus</span> <span class='ocrx_word' id='word_1_95' title='bbox 508 1629 633 1697; x_wconf 88' lang='lat' dir='ltr'>elucere</span> <span class='ocrx_word' id='word_1_96' title='bbox 642 1597 702 1696; x_wconf 57' lang='lat' dir='ltr'>&#39;ex</span> <span class='ocrx_word' id='word_1_97' title='bbox 728 1629 832 1714; x_wconf 90' lang='lat' dir='ltr'>iisque</span> <span class='ocrx_word' id='word_1_98' title='bbox 864 1651 1034 1716; x_wconf 88' lang='lat' dir='ltr'>superesse</span> <span class='ocrx_word' id='word_1_99' title='bbox 1065 1631 1182 1698; x_wconf 90' lang='lat' dir='ltr'>asserit</span> <span class='ocrx_word' id='word_1_100' title='bbox 1213 1631 1307 1698; x_wconf 90' lang='lat' dir='ltr'>Soria</span> <span class='ocrx_word' id='word_1_101' title='bbox 1333 1653 1363 1698; x_wconf 89' lang='lat' dir='ltr'>r.</span> <span class='ocrx_word' id='word_1_102' title='bbox 1392 1652 1440 1715; x_wconf 88' lang='lat' dir='ltr'>gr.</span> 
     </span>
     <span class='ocr_line' id='line_1_14' title="bbox 227 1729 1443 1820; baseline 0.007 -28"><span class='ocrx_word' id='word_1_103' title='bbox 227 1729 342 1795; x_wconf 90' lang='lat' dir='ltr'>librum</span> <span class='ocrx_word' id='word_1_104' title='bbox 373 1730 417 1796; x_wconf 91' lang='lat' dir='ltr'>ad</span> <span class='ocrx_word' id='word_1_105' title='bbox 436 1733 605 1799; x_wconf 50' lang='lat' dir='ltr'>¹Scarilam</span> <span class='ocrx_word' id='word_1_106' title='bbox 641 1734 778 1800; x_wconf 91' lang='lat' dir='ltr'>amicum</span> <span class='ocrx_word' id='word_1_107' title='bbox 810 1733 851 1800; x_wconf 92' lang='lat' dir='ltr'>de</span> <span class='ocrx_word' id='word_1_108' title='bbox 881 1733 945 1802; x_wconf 91' lang='lat' dir='ltr'>fide</span> <span class='ocrx_word' id='word_1_109' title='bbox 977 1735 1223 1820; x_wconf 85' lang='lat' dir='ltr'>incarnationis,</span> <span class='ocrx_word' id='word_1_110' title='bbox 1261 1735 1443 1820; x_wconf 82' lang='lat' dir='ltr'>Astigitano</span> 
     </span>
     <span class='ocr_line' id='line_1_15' title="bbox 228 1833 1443 1923; baseline 0.004 -25"><span class='ocrx_word' id='word_1_111' title='bbox 228 1833 296 1920; x_wconf 92' lang='lat' dir='ltr'>(qui</span> <span class='ocrx_word' id='word_1_112' title='bbox 320 1839 394 1918; x_wconf 93' lang='lat' dir='ltr'>post</span> <span class='ocrx_word' id='word_1_113' title='bbox 415 1833 631 1918; x_wconf 85' lang='lat' dir='ltr'>Astigitanam</span> <span class='ocrx_word' id='word_1_114' title='bbox 654 1839 765 1905; x_wconf 90' lang='lat' dir='ltr'>sedem</span> <span class='ocrx_word' id='word_1_115' title='bbox 787 1837 910 1904; x_wconf 82' lang='lat' dir='ltr'>rexisse</span> <span class='ocrx_word' id='word_1_116' title='bbox 937 1838 1032 1905; x_wconf 88' lang='lat' dir='ltr'>etiam</span> <span class='ocrx_word' id='word_1_117' title='bbox 1057 1837 1357 1923; x_wconf 80' lang='lat' dir='ltr'>Carthaginiensem</span> <span class='ocrx_word' id='word_1_118' title='bbox 1381 1845 1443 1903; x_wconf 87' lang='lat' dir='ltr'>tra·</span> 
     </span>
     <span class='ocr_line' id='line_1_16' title="bbox 239 1935 1446 2028; baseline 0.005 -26"><span class='ocrx_word' id='word_1_119' title='bbox 239 1935 337 2022; x_wconf 86' lang='lat' dir='ltr'>ditur)</span> <span class='ocrx_word' id='word_1_120' title='bbox 359 1958 526 2024; x_wconf 80' lang='lat' dir='ltr'>perperam</span> <span class='ocrx_word' id='word_1_121' title='bbox 549 1941 702 2024; x_wconf 85' lang='lat' dir='ltr'>attribuit,</span> <span class='ocrx_word' id='word_1_122' title='bbox 737 1941 821 2026; x_wconf 91' lang='lat' dir='ltr'>quod</span> <span class='ocrx_word' id='word_1_123' title='bbox 842 1943 1001 2028; x_wconf 89' lang='lat' dir='ltr'>Ruspensi</span> <span class='ocrx_word' id='word_1_124' title='bbox 1024 1941 1248 2009; x_wconf 86' lang='lat' dir='ltr'>vindicandum</span> <span class='ocrx_word' id='word_1_125' title='bbox 1272 1943 1365 2028; x_wconf 78' lang='lat' dir='ltr'>est,³)</span> <span class='ocrx_word' id='word_1_126' title='bbox 1386 1961 1446 2008; x_wconf 88' lang='lat' dir='ltr'>neo</span> 
     </span>
     <span class='ocr_line' id='line_1_17' title="bbox 232 2041 1444 2132; baseline 0.003 -26"><span class='ocrx_word' id='word_1_127' title='bbox 232 2041 375 2107; x_wconf 91' lang='lat' dir='ltr'>innititur</span> <span class='ocrx_word' id='word_1_128' title='bbox 410 2041 563 2112; x_wconf 89' lang='lat' dir='ltr'>Doctoris</span> <span class='ocrx_word' id='word_1_129' title='bbox 598 2045 721 2131; x_wconf 90' lang='lat' dir='ltr'>titulus,</span> <span class='ocrx_word' id='word_1_130' title='bbox 764 2066 858 2129; x_wconf 89' lang='lat' dir='ltr'>quem</span> <span class='ocrx_word' id='word_1_131' title='bbox 894 2046 1082 2130; x_wconf 80' lang='lat' dir='ltr'>Fulgentius</span> <span class='ocrx_word' id='word_1_132' title='bbox 1118 2047 1321 2130; x_wconf 88' lang='lat' dir='ltr'>Astigitanus</span> <span class='ocrx_word' id='word_1_133' title='bbox 1357 2044 1444 2132; x_wconf 90' lang='lat' dir='ltr'>apud</span> 
     </span>
     <span class='ocr_line' id='line_1_18' title="bbox 230 2146 1195 2236; baseline 0.006 -25"><span class='ocrx_word' id='word_1_134' title='bbox 230 2146 394 2232; x_wconf 91' lang='lat' dir='ltr'>Hispanos</span> <span class='ocrx_word' id='word_1_135' title='bbox 416 2155 582 2217; x_wconf 87' lang='lat' dir='ltr'>assecutus</span> <span class='ocrx_word' id='word_1_136' title='bbox 606 2149 734 2235; x_wconf 86' lang='lat' dir='ltr'>dicitur,</span> <span class='ocrx_word' id='word_1_137' title='bbox 756 2149 917 2217; x_wconf 88' lang='lat' dir='ltr'>veteribus</span> <span class='ocrx_word' id='word_1_138' title='bbox 939 2149 1195 2236; x_wconf 80' lang='lat' dir='ltr'>monumentis.⁴)</span> 
     </span>
    </p>
   </div>
   <div class='ocr_carea' id='block_1_4' title="bbox 230 2421 1458 4834">
    <p class='ocr_par' dir='ltr' id='par_1_4' title="bbox 230 2421 1458 4834">
     <span class='ocr_line' id='line_1_19' title="bbox 340 2421 1443 2500; baseline 0.004 -20"><span class='ocrx_word' id='word_1_139' title='bbox 340 2425 358 2493; x_wconf 87' lang='lat'>¹)</span> <span class='ocrx_word' id='word_1_140' title='bbox 376 2424 403 2480; x_wconf 86' lang='lat' dir='ltr'>S.</span> <span class='ocrx_word' id='word_1_141' title='bbox 419 2421 559 2495; x_wconf 65' lang='lat' dir='ltr'>Gregorii</span> <span class='ocrx_word' id='word_1_142' title='bbox 571 2427 606 2480; x_wconf 90' lang='grc' dir='ltr'>Μ.</span> <span class='ocrx_word' id='word_1_143' title='bbox 619 2427 806 2497; x_wconf 90' lang='lat' dir='ltr'>Dialogorum</span> <span class='ocrx_word' id='word_1_144' title='bbox 823 2427 883 2483; x_wconf 88' lang='lat' dir='ltr'>Lib.</span> <span class='ocrx_word' id='word_1_145' title='bbox 897 2429 940 2482; x_wconf 94' lang='lat' dir='ltr'>III</span> <span class='ocrx_word' id='word_1_146' title='bbox 958 2444 982 2484; x_wconf 91' lang='lat' dir='ltr'>e.</span> <span class='ocrx_word' id='word_1_147' title='bbox 996 2429 1036 2484; x_wconf 77' lang='lat'>12.</span> <span class='ocrx_word' id='word_1_148' title='bbox 1056 2428 1127 2498; x_wconf 90' lang='lat' dir='ltr'>Opp.</span> <span class='ocrx_word' id='word_1_149' title='bbox 1142 2429 1187 2483; x_wconf 82' lang='lat' dir='ltr'>ed.</span> <span class='ocrx_word' id='word_1_150' title='bbox 1203 2424 1306 2500; x_wconf 75' lang='lat' dir='ltr'>Mipue</span> <span class='ocrx_word' id='word_1_151' title='bbox 1318 2428 1371 2497; x_wconf 91' lang='lat'>111,</span> <span class='ocrx_word' id='word_1_152' title='bbox 1381 2427 1443 2485; x_wconf 79' lang='lat'>240.</span> 
     </span>
     <span class='ocr_line' id='line_1_20' title="bbox 337 2507 655 2583; baseline 0 -16"><span class='ocrx_word' id='word_1_153' title='bbox 337 2511 358 2578; x_wconf 86' lang='lat'>²)</span> <span class='ocrx_word' id='word_1_154' title='bbox 377 2507 471 2568; x_wconf 79' lang='lat' dir='ltr'>Gaonc</span> <span class='ocrx_word' id='word_1_155' title='bbox 488 2513 506 2566; x_wconf 92' lang='lat' dir='ltr'>l.</span> <span class='ocrx_word' id='word_1_156' title='bbox 525 2528 549 2566; x_wconf 91' lang='lat' dir='ltr'>c.</span> <span class='ocrx_word' id='word_1_157' title='bbox 567 2531 594 2583; x_wconf 90' lang='lat' dir='ltr'>p.</span> <span class='ocrx_word' id='word_1_158' title='bbox 613 2515 655 2568; x_wconf 87' lang='lat'>89.</span> 
     </span>
     <span class='ocr_line' id='line_1_21' title="bbox 338 2597 1443 2674; baseline 0.002 -20"><span class='ocrx_word' id='word_1_159' title='bbox 338 2598 359 2667; x_wconf 83' lang='lat'>³)</span> <span class='ocrx_word' id='word_1_160' title='bbox 378 2598 405 2654; x_wconf 87' lang='lat' dir='ltr'>S.</span> <span class='ocrx_word' id='word_1_161' title='bbox 427 2597 583 2670; x_wconf 76' lang='lat' dir='ltr'>Eulpcata&#39;i</span> <span class='ocrx_word' id='word_1_162' title='bbox 609 2600 743 2670; x_wconf 77' lang='lat' dir='ltr'>Episcopi</span> <span class='ocrx_word' id='word_1_163' title='bbox 769 2598 934 2674; x_wconf 72' lang='lat' dir='ltr'>Responsio</span> <span class='ocrx_word' id='word_1_164' title='bbox 961 2601 1055 2672; x_wconf 86' lang='lat' dir='ltr'>Opera</span> <span class='ocrx_word' id='word_1_165' title='bbox 1077 2601 1120 2656; x_wconf 91' lang='lat' dir='ltr'>ed.</span> <span class='ocrx_word' id='word_1_166' title='bbox 1145 2599 1257 2672; x_wconf 68' lang='lat' dir='ltr'>Micca.</span> <span class='ocrx_word' id='word_1_167' title='bbox 1292 2601 1349 2656; x_wconf 90' lang='lat' dir='ltr'>Par</span> <span class='ocrx_word' id='word_1_168' title='bbox 1367 2601 1443 2656; x_wconf 86' lang='grc'>1861.</span> 
     </span>
     <span class='ocr_line' id='line_1_22' title="bbox 230 2687 1416 2756; baseline 0 -15"><span class='ocrx_word' id='word_1_169' title='bbox 230 2703 258 2756; x_wconf 91' lang='lat' dir='ltr'>p.</span> <span class='ocrx_word' id='word_1_170' title='bbox 276 2687 327 2741; x_wconf 86' lang='grc'>573</span> <span class='ocrx_word' id='word_1_171' title='bbox 346 2703 387 2756; x_wconf 90' lang='lat' dir='ltr'>sq.</span> <span class='ocrx_word' id='word_1_172' title='bbox 1232 2703 1234 2708; x_wconf 90' lang='lat'>·</span> <span class='ocrx_word' id='word_1_173' title='bbox 1414 2695 1416 2702; x_wconf 82' lang='grc'>’</span> 
     </span>
     <span class='ocr_line' id='line_1_23' title="bbox 339 2770 1444 2844; baseline 0 -16"><span class='ocrx_word' id='word_1_174' title='bbox 339 2773 359 2841; x_wconf 86' lang='lat'>⁴)</span> <span class='ocrx_word' id='word_1_175' title='bbox 378 2773 434 2828; x_wconf 79' lang='lat' dir='ltr'>Gir.</span> <span class='ocrx_word' id='word_1_176' title='bbox 457 2770 578 2828; x_wconf 58' lang='grc' dir='ltr'>ι’110υαὶ1</span> <span class='ocrx_word' id='word_1_177' title='bbox 599 2773 759 2828; x_wconf 76' lang='lat' dir='ltr'>Isidorian&#39;a</span> <span class='ocrx_word' id='word_1_178' title='bbox 777 2775 799 2844; x_wconf 91' lang='lat' dir='ltr'>I,</span> <span class='ocrx_word' id='word_1_179' title='bbox 818 2775 850 2839; x_wconf 87' lang='grc'>17</span> <span class='ocrx_word' id='word_1_180' title='bbox 873 2792 901 2844; x_wconf 90' lang='lat' dir='ltr'>p.</span> <span class='ocrx_word' id='word_1_181' title='bbox 919 2776 970 2828; x_wconf 89' lang='lat'>100</span> <span class='ocrx_word' id='word_1_182' title='bbox 988 2790 1029 2843; x_wconf 92' lang='lat' dir='ltr'>sq.</span> <span class='ocrx_word' id='word_1_183' title='bbox 1066 2773 1122 2839; x_wconf 83' lang='lat' dir='ltr'>(An</span> <span class='ocrx_word' id='word_1_184' title='bbox 1146 2773 1313 2842; x_wconf 80' lang='lat' dir='ltr'>Fulgentius</span> <span class='ocrx_word' id='word_1_185' title='bbox 1340 2773 1444 2828; x_wconf 80' lang='lat' dir='ltr'>Isidori</span> 
     </span>
     <span class='ocr_line' id='line_1_24' title="bbox 231 2859 1445 2931; baseline 0.001 -17"><span class='ocrx_word' id='word_1_186' title='bbox 231 2859 321 2916; x_wconf 83' lang='lat' dir='ltr'>frater</span> <span class='ocrx_word' id='word_1_187' title='bbox 340 2860 494 2930; x_wconf 89' lang='lat' dir='ltr'>quidquam</span> <span class='ocrx_word' id='word_1_188' title='bbox 512 2861 668 2931; x_wconf 81' lang='lat' dir='ltr'>scripserit,</span> <span class='ocrx_word' id='word_1_189' title='bbox 696 2861 808 2916; x_wconf 90' lang='lat' dir='ltr'>disserit</span> <span class='ocrx_word' id='word_1_190' title='bbox 825 2860 886 2916; x_wconf 89' lang='lat' dir='ltr'>Nic.</span> <span class='ocrx_word' id='word_1_191' title='bbox 904 2860 1057 2931; x_wconf 87' lang='lat' dir='ltr'>Antonius,</span> <span class='ocrx_word' id='word_1_192' title='bbox 1084 2864 1196 2928; x_wconf 90' lang='lat' dir='ltr'>etpost</span> <span class='ocrx_word' id='word_1_193' title='bbox 1219 2876 1281 2914; x_wconf 93' lang='lat' dir='ltr'>eum</span> <span class='ocrx_word' id='word_1_194' title='bbox 1299 2862 1445 2916; x_wconf 80' lang='lat' dir='ltr'>Florcaius</span> 
     </span>
     <span class='ocr_line' id='line_1_25' title="bbox 230 2947 1444 3019; baseline 0.002 -19"><span class='ocrx_word' id='word_1_195' title='bbox 230 2950 297 3002; x_wconf 92' lang='lat' dir='ltr'>tom.</span> <span class='ocrx_word' id='word_1_196' title='bbox 315 2948 351 3002; x_wconf 89' lang='lat' dir='ltr'>X.</span> <span class='ocrx_word' id='word_1_197' title='bbox 372 2948 451 3016; x_wconf 87' lang='lat' dir='ltr'>Hisp.</span> <span class='ocrx_word' id='word_1_198' title='bbox 476 2963 548 3002; x_wconf 89' lang='lat' dir='ltr'>sacr.</span> <span class='ocrx_word' id='word_1_199' title='bbox 568 2989 600 3004; x_wconf 93' lang='lat'>..</span> <span class='ocrx_word' id='word_1_200' title='bbox 625 2948 768 3018; x_wconf 87' lang='lat' dir='ltr'>Fulgentii</span> <span class='ocrx_word' id='word_1_201' title='bbox 784 2965 849 3019; x_wconf 27' lang='lat' dir='ltr'>,non</span> <span class='ocrx_word' id='word_1_202' title='bbox 875 2947 1024 3018; x_wconf 89' lang='lat' dir='ltr'>vulgarem</span> <span class='ocrx_word' id='word_1_203' title='bbox 1052 2947 1209 3002; x_wconf 87' lang='lat' dir='ltr'>doctrinam</span> <span class='ocrx_word' id='word_1_204' title='bbox 1236 2947 1331 3017; x_wconf 89' lang='lat' dir='ltr'>arguit</span> <span class='ocrx_word' id='word_1_205' title='bbox 1358 2948 1444 3017; x_wconf 83' lang='lat' dir='ltr'>docu-</span> 
     </span>
     <span class='ocr_line' id='line_1_26' title="bbox 230 3033 1446 3102; baseline 0.002 -14"><span class='ocrx_word' id='word_1_206' title='bbox 230 3039 354 3088; x_wconf 86' lang='lat' dir='ltr'>mentum</span> <span class='ocrx_word' id='word_1_207' title='bbox 380 3037 465 3088; x_wconf 89' lang='lat' dir='ltr'>vetus</span> <span class='ocrx_word' id='word_1_208' title='bbox 492 3033 599 3088; x_wconf 85' lang='lat' dir='ltr'>sacculi</span> <span class='ocrx_word' id='word_1_209' title='bbox 616 3033 685 3088; x_wconf 88' lang='lat' dir='ltr'>VII:</span> <span class='ocrx_word' id='word_1_210' title='bbox 718 3035 770 3099; x_wconf 88' lang='lat' dir='ltr'>,Et</span> <span class='ocrx_word' id='word_1_211' title='bbox 794 3034 835 3088; x_wconf 92' lang='lat' dir='ltr'>sic</span> <span class='ocrx_word' id='word_1_212' title='bbox 858 3034 948 3088; x_wconf 87' lang='lat' dir='ltr'>crevit</span> <span class='ocrx_word' id='word_1_213' title='bbox 975 3034 1046 3089; x_wconf 91' lang='lat' dir='ltr'>fides</span> <span class='ocrx_word' id='word_1_214' title='bbox 1073 3033 1215 3088; x_wconf 87' lang='lat' dir='ltr'>catholica</span> <span class='ocrx_word' id='word_1_215' title='bbox 1238 3033 1277 3100; x_wconf 85' lang='lat' dir='ltr'>(in</span> <span class='ocrx_word' id='word_1_216' title='bbox 1295 3034 1446 3102; x_wconf 80' lang='lat' dir='ltr'>Hispania)</span> 
     </span>
     <span class='ocr_line' id='line_1_27' title="bbox 230 3119 1445 3192; baseline 0.001 -20"><span class='ocrx_word' id='word_1_217' title='bbox 230 3120 389 3190; x_wconf 87' lang='lat' dir='ltr'>paulisper,</span> <span class='ocrx_word' id='word_1_218' title='bbox 417 3121 508 3174; x_wconf 91' lang='lat' dir='ltr'>donec</span> <span class='ocrx_word' id='word_1_219' title='bbox 531 3121 567 3174; x_wconf 91' lang='lat' dir='ltr'>de</span> <span class='ocrx_word' id='word_1_220' title='bbox 588 3119 755 3174; x_wconf 88' lang='lat' dir='ltr'>orthodoxis</span> <span class='ocrx_word' id='word_1_221' title='bbox 773 3124 802 3174; x_wconf 91' lang='lat' dir='ltr'>et</span> <span class='ocrx_word' id='word_1_222' title='bbox 820 3121 968 3176; x_wconf 87' lang='lat' dir='ltr'>catholicis</span> <span class='ocrx_word' id='word_1_223' title='bbox 993 3121 1064 3176; x_wconf 88' lang='lat' dir='ltr'>viris</span> <span class='ocrx_word' id='word_1_224' title='bbox 1086 3121 1140 3174; x_wconf 85' lang='lat' dir='ltr'>suit</span> <span class='ocrx_word' id='word_1_225' title='bbox 1162 3121 1319 3192; x_wconf 84' lang='lat' dir='ltr'>illustrata,</span> <span class='ocrx_word' id='word_1_226' title='bbox 1346 3119 1445 3191; x_wconf 89' lang='lat' dir='ltr'>idest,</span> 
     </span>
     <span class='ocr_line' id='line_1_28' title="bbox 230 3205 1445 3278; baseline 0 -18"><span class='ocrx_word' id='word_1_227' title='bbox 230 3205 395 3276; x_wconf 82' lang='lat' dir='ltr'>Fulgentio,</span> <span class='ocrx_word' id='word_1_228' title='bbox 413 3206 513 3278; x_wconf 88' lang='lat' dir='ltr'>Petro,</span> <span class='ocrx_word' id='word_1_229' title='bbox 529 3206 677 3260; x_wconf 84' lang='lat' dir='ltr'>Leandr0“</span> <span class='ocrx_word' id='word_1_230' title='bbox 698 3208 751 3260; x_wconf 89' lang='lat' dir='ltr'>etc.</span> <span class='ocrx_word' id='word_1_231' title='bbox 787 3206 988 3261; x_wconf 90' lang='lat' dir='ltr'>Testimonium</span> <span class='ocrx_word' id='word_1_232' title='bbox 1010 3207 1144 3262; x_wconf 89' lang='lat' dir='ltr'>Roderici</span> <span class='ocrx_word' id='word_1_233' title='bbox 1162 3207 1292 3262; x_wconf 89' lang='lat' dir='ltr'>Toletani</span> <span class='ocrx_word' id='word_1_234' title='bbox 1310 3222 1362 3277; x_wconf 92' lang='lat' dir='ltr'>pro</span> <span class='ocrx_word' id='word_1_235' title='bbox 1381 3206 1445 3260; x_wconf 84' lang='lat' dir='ltr'>Ful-</span> 
     </span>
     <span class='ocr_line' id='line_1_29' title="bbox 231 3291 1445 3362; baseline 0 -16"><span class='ocrx_word' id='word_1_236' title='bbox 231 3292 320 3362; x_wconf 85' lang='lat' dir='ltr'>gentii</span> <span class='ocrx_word' id='word_1_237' title='bbox 343 3291 475 3346; x_wconf 86' lang='lat' dir='ltr'>doctrina</span> <span class='ocrx_word' id='word_1_238' title='bbox 497 3293 535 3347; x_wconf 90' lang='lat' dir='ltr'>ad</span> <span class='ocrx_word' id='word_1_239' title='bbox 552 3291 697 3346; x_wconf 89' lang='lat' dir='ltr'>saeculum</span> <span class='ocrx_word' id='word_1_240' title='bbox 714 3293 787 3346; x_wconf 88' lang='lat' dir='ltr'>XIII</span> <span class='ocrx_word' id='word_1_241' title='bbox 810 3293 944 3362; x_wconf 90' lang='lat' dir='ltr'>pertinet:</span> <span class='ocrx_word' id='word_1_242' title='bbox 972 3291 1072 3347; x_wconf 89' lang='lat' dir='ltr'>eodem</span> <span class='ocrx_word' id='word_1_243' title='bbox 1095 3294 1220 3348; x_wconf 87' lang='lat' dir='ltr'>saeculo·</span> <span class='ocrx_word' id='word_1_244' title='bbox 1233 3293 1328 3348; x_wconf 91' lang='lat' dir='ltr'>floruit</span> <span class='ocrx_word' id='word_1_245' title='bbox 1352 3294 1445 3346; x_wconf 88' lang='lat' dir='ltr'>Lucas</span> 
     </span>
     <span class='ocr_line' id='line_1_30' title="bbox 231 3377 1446 3450; baseline -0.001 -17"><span class='ocrx_word' id='word_1_246' title='bbox 231 3377 385 3448; x_wconf 89' lang='lat' dir='ltr'>Tudensis,</span> <span class='ocrx_word' id='word_1_247' title='bbox 412 3377 460 3447; x_wconf 90' lang='lat' dir='ltr'>qui</span> <span class='ocrx_word' id='word_1_248' title='bbox 484 3377 513 3432; x_wconf 91' lang='lat' dir='ltr'>in</span> <span class='ocrx_word' id='word_1_249' title='bbox 537 3377 640 3432; x_wconf 89' lang='lat' dir='ltr'>Isidori</span> <span class='ocrx_word' id='word_1_250' title='bbox 667 3377 799 3434; x_wconf 86' lang='lat' dir='ltr'>chronico</span> <span class='ocrx_word' id='word_1_251' title='bbox 827 3379 916 3433; x_wconf 86' lang='lat' dir='ltr'>simile</span> <span class='ocrx_word' id='word_1_252' title='bbox 943 3379 1132 3434; x_wconf 89' lang='lat' dir='ltr'>testimonium</span> <span class='ocrx_word' id='word_1_253' title='bbox 1159 3381 1286 3450; x_wconf 90' lang='lat' dir='ltr'>protulit.</span> <span class='ocrx_word' id='word_1_254' title='bbox 1320 3380 1383 3434; x_wconf 86' lang='lat' dir='ltr'>Hac</span> <span class='ocrx_word' id='word_1_255' title='bbox 1410 3379 1446 3432; x_wconf 91' lang='lat' dir='ltr'>dc</span> 
     </span>
     <span class='ocr_line' id='line_1_31' title="bbox 232 3463 1444 3536; baseline 0.002 -16"><span class='ocrx_word' id='word_1_256' title='bbox 232 3465 430 3521; x_wconf 84' lang='lat' dir='ltr'>controversia</span> <span class='ocrx_word' id='word_1_257' title='bbox 442 3480 516 3518; x_wconf 89' lang='lat' dir='ltr'>anno</span> <span class='ocrx_word' id='word_1_258' title='bbox 530 3465 597 3520; x_wconf 79' lang='grc'>1723</span> <span class='ocrx_word' id='word_1_259' title='bbox 609 3467 704 3520; x_wconf 90' lang='lat' dir='ltr'>actum</span> <span class='ocrx_word' id='word_1_260' title='bbox 716 3465 770 3519; x_wconf 88' lang='lat' dir='ltr'>fuit</span> <span class='ocrx_word' id='word_1_261' title='bbox 780 3465 810 3518; x_wconf 92' lang='lat' dir='ltr'>in</span> <span class='ocrx_word' id='word_1_262' title='bbox 823 3465 850 3520; x_wconf 83' lang='lat' dir='ltr'>S.</span> <span class='ocrx_word' id='word_1_263' title='bbox 863 3465 919 3519; x_wconf 89' lang='lat' dir='ltr'>Rit.</span> <span class='ocrx_word' id='word_1_264' title='bbox 933 3465 1188 3536; x_wconf 74' lang='lat' dir='ltr'>Congregatione).</span> <span class='ocrx_word' id='word_1_265' title='bbox 1198 3464 1350 3521; x_wconf 80' lang='lat' dir='ltr'>Benedici.</span> <span class='ocrx_word' id='word_1_266' title='bbox 1360 3463 1444 3522; x_wconf 90' lang='lat' dir='ltr'>XIV.</span> 
     </span>
     <span class='ocr_line' id='line_1_32' title="bbox 231 3550 1445 3622; baseline 0.002 -16"><span class='ocrx_word' id='word_1_267' title='bbox 231 3551 275 3606; x_wconf 90' lang='lat' dir='ltr'>De</span> <span class='ocrx_word' id='word_1_268' title='bbox 298 3551 378 3607; x_wconf 86' lang='lat' dir='ltr'>Serv.</span> <span class='ocrx_word' id='word_1_269' title='bbox 402 3551 456 3606; x_wconf 93' lang='lat' dir='ltr'>Dei</span> <span class='ocrx_word' id='word_1_270' title='bbox 478 3550 579 3606; x_wconf 87' lang='lat' dir='ltr'>Beatif.</span> <span class='ocrx_word' id='word_1_271' title='bbox 607 3551 668 3608; x_wconf 91' lang='lat' dir='ltr'>Lib.</span> <span class='ocrx_word' id='word_1_272' title='bbox 686 3553 735 3607; x_wconf 92' lang='lat' dir='ltr'>IV.</span> <span class='ocrx_word' id='word_1_273' title='bbox 763 3554 794 3607; x_wconf 91' lang='lat' dir='ltr'>P.</span> <span class='ocrx_word' id='word_1_274' title='bbox 813 3553 849 3607; x_wconf 95' lang='lat' dir='ltr'>II.</span> <span class='ocrx_word' id='word_1_275' title='bbox 877 3551 907 3606; x_wconf 80' lang='lat' dir='ltr'>G.</span> <span class='ocrx_word' id='word_1_276' title='bbox 926 3553 977 3622; x_wconf 87' lang='lat' dir='ltr'>XI,</span> <span class='ocrx_word' id='word_1_277' title='bbox 995 3554 1028 3608; x_wconf 82' lang='lat'>16</span> <span class='ocrx_word' id='word_1_278' title='bbox 1055 3553 1136 3622; x_wconf 84' lang='lat' dir='ltr'>(Opp.</span> <span class='ocrx_word' id='word_1_279' title='bbox 1162 3553 1205 3608; x_wconf 89' lang='lat' dir='ltr'>ed.</span> <span class='ocrx_word' id='word_1_280' title='bbox 1230 3551 1318 3608; x_wconf 79' lang='lat' dir='ltr'>Prot.</span> <span class='ocrx_word' id='word_1_281' title='bbox 1346 3553 1378 3608; x_wconf 89' lang='lat' dir='ltr'>T.</span> <span class='ocrx_word' id='word_1_282' title='bbox 1396 3553 1445 3608; x_wconf 90' lang='lat' dir='ltr'>IV.</span> 
     </span>
     <span class='ocr_line' id='line_1_33' title="bbox 232 3636 1445 3709; baseline -0.001 -16"><span class='ocrx_word' id='word_1_283' title='bbox 232 3656 259 3708; x_wconf 89' lang='lat' dir='ltr'>p.</span> <span class='ocrx_word' id='word_1_284' title='bbox 272 3638 325 3693; x_wconf 81' lang='lat'>514</span> <span class='ocrx_word' id='word_1_285' title='bbox 337 3639 404 3706; x_wconf 86' lang='lat' dir='ltr'>sq.):</span> <span class='ocrx_word' id='word_1_286' title='bbox 422 3638 478 3691; x_wconf 92' lang='lat' dir='ltr'>Pro</span> <span class='ocrx_word' id='word_1_287' title='bbox 498 3636 525 3692; x_wconf 85' lang='lat' dir='ltr'>S.</span> <span class='ocrx_word' id='word_1_288' title='bbox 544 3638 695 3708; x_wconf 81' lang='lat' dir='ltr'>Fulgentio</span> <span class='ocrx_word' id='word_1_289' title='bbox 713 3639 857 3708; x_wconf 89' lang='lat' dir='ltr'>Episcopo</span> <span class='ocrx_word' id='word_1_290' title='bbox 877 3638 1102 3708; x_wconf 80' lang='lat' dir='ltr'>Carthaginiensi</span> <span class='ocrx_word' id='word_1_291' title='bbox 1120 3639 1210 3709; x_wconf 90' lang='lat' dir='ltr'>petita</span> <span class='ocrx_word' id='word_1_292' title='bbox 1228 3638 1282 3692; x_wconf 89' lang='lat' dir='ltr'>fuit</span> <span class='ocrx_word' id='word_1_293' title='bbox 1300 3639 1445 3694; x_wconf 88' lang='lat' dir='ltr'>concessio</span> 
     </span>
     <span class='ocr_line' id='line_1_34' title="bbox 232 3722 1458 3800; baseline 0.003 -22"><span class='ocrx_word' id='word_1_294' title='bbox 232 3729 260 3779; x_wconf 91' lang='lat' dir='ltr'>et</span> <span class='ocrx_word' id='word_1_295' title='bbox 279 3723 450 3800; x_wconf 86' lang='lat' dir='ltr'>approbatio</span> <span class='ocrx_word' id='word_1_296' title='bbox 473 3722 564 3778; x_wconf 86' lang='lat' dir='ltr'>Officii</span> <span class='ocrx_word' id='word_1_297' title='bbox 586 3726 695 3795; x_wconf 91' lang='lat' dir='ltr'>proprii</span> <span class='ocrx_word' id='word_1_298' title='bbox 720 3742 782 3780; x_wconf 89' lang='lat' dir='ltr'>cum</span> <span class='ocrx_word' id='word_1_299' title='bbox 806 3725 944 3795; x_wconf 88' lang='lat' dir='ltr'>qualitate</span> <span class='ocrx_word' id='word_1_300' title='bbox 962 3726 1095 3780; x_wconf 91' lang='lat' dir='ltr'>Doctoris</span> <span class='ocrx_word' id='word_1_301' title='bbox 1117 3725 1170 3781; x_wconf 92' lang='lat' dir='ltr'>sub</span> <span class='ocrx_word' id='word_1_302' title='bbox 1188 3726 1245 3780; x_wconf 91' lang='lat' dir='ltr'>ritu</span> <span class='ocrx_word' id='word_1_303' title='bbox 1269 3724 1375 3794; x_wconf 93' lang='lat' dir='ltr'>duplici</span> <span class='ocrx_word' id='word_1_304' title='bbox 1393 3741 1458 3795; x_wconf 63' lang='lat' dir='ltr'>pro,</span> 
     </span>
     <span class='ocr_line' id='line_1_35' title="bbox 231 3810 1446 3880; baseline -0.002 -15"><span class='ocrx_word' id='word_1_305' title='bbox 231 3811 366 3865; x_wconf 88' lang='lat' dir='ltr'>universa</span> <span class='ocrx_word' id='word_1_306' title='bbox 389 3810 535 3880; x_wconf 86' lang='lat' dir='ltr'>Hispania.</span> <span class='ocrx_word' id='word_1_307' title='bbox 571 3811 771 3866; x_wconf 86' lang='lat' dir='ltr'>Verumtamen</span> <span class='ocrx_word' id='word_1_308' title='bbox 793 3812 854 3880; x_wconf 90' lang='lat' dir='ltr'>ipse</span> <span class='ocrx_word' id='word_1_309' title='bbox 876 3813 988 3880; x_wconf 83' lang='lat' dir='ltr'>[Prosp.</span> <span class='ocrx_word' id='word_1_310' title='bbox 1008 3812 1043 3867; x_wconf 90' lang='lat' dir='ltr'>dc</span> <span class='ocrx_word' id='word_1_311' title='bbox 1061 3811 1248 3866; x_wconf 85' lang='lat' dir='ltr'>Lambcrtinis</span> <span class='ocrx_word' id='word_1_312' title='bbox 1266 3826 1300 3865; x_wconf 90' lang='lat' dir='ltr'>eo</span> <span class='ocrx_word' id='word_1_313' title='bbox 1319 3815 1446 3879; x_wconf 90' lang='lat' dir='ltr'>tempore</span> 
     </span>
     <span class='ocr_line' id='line_1_36' title="bbox 231 3897 1447 3968; baseline -0.002 -16"><span class='ocrx_word' id='word_1_314' title='bbox 231 3900 427 3953; x_wconf 89' lang='lat' dir='ltr'>Promotorem</span> <span class='ocrx_word' id='word_1_315' title='bbox 444 3897 511 3952; x_wconf 88' lang='lat' dir='ltr'>fidei</span> <span class='ocrx_word' id='word_1_316' title='bbox 528 3899 643 3968; x_wconf 86' lang='lat' dir='ltr'>agebat]</span> <span class='ocrx_word' id='word_1_317' title='bbox 662 3897 793 3968; x_wconf 91' lang='lat' dir='ltr'>opposui,</span> <span class='ocrx_word' id='word_1_318' title='bbox 810 3913 866 3952; x_wconf 90' lang='lat' dir='ltr'>non</span> <span class='ocrx_word' id='word_1_319' title='bbox 883 3897 952 3952; x_wconf 89' lang='lat' dir='ltr'>satis</span> <span class='ocrx_word' id='word_1_320' title='bbox 969 3899 1068 3954; x_wconf 86' lang='lat' dir='ltr'>valido</span> <span class='ocrx_word' id='word_1_321' title='bbox 1086 3899 1138 3952; x_wconf 91' lang='lat' dir='ltr'>niti</span> <span class='ocrx_word' id='word_1_322' title='bbox 1156 3898 1350 3966; x_wconf 87' lang='lat' dir='ltr'>fundamento,</span> <span class='ocrx_word' id='word_1_323' title='bbox 1369 3897 1447 3966; x_wconf 87' lang='lat' dir='ltr'>quod</span> 
     </span>
     <span class='ocr_line' id='line_1_37' title="bbox 231 3981 1447 4055; baseline -0.002 -16"><span class='ocrx_word' id='word_1_324' title='bbox 231 3983 447 4039; x_wconf 77' lang='lat' dir='ltr'>intortionibus</span> <span class='ocrx_word' id='word_1_325' title='bbox 465 3983 596 4040; x_wconf 79' lang='lat' dir='ltr'>exhibitis</span> <span class='ocrx_word' id='word_1_326' title='bbox 614 3985 804 4055; x_wconf 83' lang='lat' dir='ltr'>asserebatur,</span> <span class='ocrx_word' id='word_1_327' title='bbox 827 3984 962 4040; x_wconf 87' lang='lat' dir='ltr'>Sanctum</span> <span class='ocrx_word' id='word_1_328' title='bbox 979 3985 1114 4039; x_wconf 86' lang='lat' dir='ltr'>videlieet</span> <span class='ocrx_word' id='word_1_329' title='bbox 1131 3983 1313 4054; x_wconf 83' lang='lat' dir='ltr'>Fulgentium</span> <span class='ocrx_word' id='word_1_330' title='bbox 1331 3981 1447 4037; x_wconf 85' lang='lat' dir='ltr'>fratrem</span> 
     </span>
     <span class='ocr_line' id='line_1_38' title="bbox 232 4068 1447 4142; baseline -0.002 -18"><span class='ocrx_word' id='word_1_331' title='bbox 232 4086 396 4141; x_wconf 86' lang='lat' dir='ltr'>germanum</span> <span class='ocrx_word' id='word_1_332' title='bbox 415 4068 463 4124; x_wconf 82' lang='lat' dir='ltr'>SS.</span> <span class='ocrx_word' id='word_1_333' title='bbox 482 4071 613 4142; x_wconf 88' lang='lat' dir='ltr'>Leandri,</span> <span class='ocrx_word' id='word_1_334' title='bbox 631 4071 748 4141; x_wconf 89' lang='lat' dir='ltr'>Isidori,</span> <span class='ocrx_word' id='word_1_335' title='bbox 771 4075 799 4126; x_wconf 92' lang='lat' dir='ltr'>et</span> <span class='ocrx_word' id='word_1_336' title='bbox 817 4071 844 4126; x_wconf 82' lang='lat' dir='ltr'>S.</span> <span class='ocrx_word' id='word_1_337' title='bbox 864 4071 1044 4126; x_wconf 83' lang='lat' dir='ltr'>Florentinac</span> <span class='ocrx_word' id='word_1_338' title='bbox 1061 4075 1159 4124; x_wconf 89' lang='lat' dir='ltr'>natum</span> <span class='ocrx_word' id='word_1_339' title='bbox 1176 4069 1265 4125; x_wconf 83' lang='lat' dir='ltr'>fuisse</span> <span class='ocrx_word' id='word_1_340' title='bbox 1282 4070 1312 4122; x_wconf 90' lang='lat' dir='ltr'>in</span> <span class='ocrx_word' id='word_1_341' title='bbox 1330 4069 1447 4122; x_wconf 87' lang='lat' dir='ltr'>civitate</span> 
     </span>
     <span class='ocr_line' id='line_1_39' title="bbox 232 4154 1448 4228; baseline -0.004 -16"><span class='ocrx_word' id='word_1_342' title='bbox 232 4156 473 4226; x_wconf 80' lang='lat' dir='ltr'>Carthaginiensi,</span> <span class='ocrx_word' id='word_1_343' title='bbox 491 4155 578 4212; x_wconf 84' lang='lat' dir='ltr'>fuisse</span> <span class='ocrx_word' id='word_1_344' title='bbox 596 4158 717 4226; x_wconf 89' lang='lat' dir='ltr'>peritum</span> <span class='ocrx_word' id='word_1_345' title='bbox 734 4158 895 4228; x_wconf 86' lang='lat' dir='ltr'>linguarum</span> <span class='ocrx_word' id='word_1_346' title='bbox 914 4156 1054 4226; x_wconf 83' lang='lat' dir='ltr'>Graecae,</span> <span class='ocrx_word' id='word_1_347' title='bbox 1073 4157 1224 4228; x_wconf 86' lang='lat' dir='ltr'>Syriacae,</span> <span class='ocrx_word' id='word_1_348' title='bbox 1241 4154 1401 4210; x_wconf 87' lang='lat' dir='ltr'>Hebraioae</span> <span class='ocrx_word' id='word_1_349' title='bbox 1419 4157 1448 4208; x_wconf 90' lang='lat' dir='ltr'>et</span> 
     </span>
     <span class='ocr_line' id='line_1_40' title="bbox 231 4240 1447 4314; baseline -0.002 -17"><span class='ocrx_word' id='word_1_350' title='bbox 231 4243 364 4314; x_wconf 83' lang='lat' dir='ltr'>Latinae3</span> <span class='ocrx_word' id='word_1_351' title='bbox 397 4243 481 4312; x_wconf 90' lang='lat' dir='ltr'>plura</span> <span class='ocrx_word' id='word_1_352' title='bbox 504 4243 626 4299; x_wconf 91' lang='lat' dir='ltr'>edidisse</span> <span class='ocrx_word' id='word_1_353' title='bbox 648 4243 807 4314; x_wconf 90' lang='lat' dir='ltr'>volumina,</span> <span class='ocrx_word' id='word_1_354' title='bbox 836 4259 956 4312; x_wconf 90' lang='lat' dir='ltr'>quorum</span> <span class='ocrx_word' id='word_1_355' title='bbox 978 4245 1132 4313; x_wconf 87' lang='lat' dir='ltr'>praecipue</span> <span class='ocrx_word' id='word_1_356' title='bbox 1155 4243 1259 4298; x_wconf 88' lang='lat' dir='ltr'>mentio</span> <span class='ocrx_word' id='word_1_357' title='bbox 1282 4240 1315 4296; x_wconf 92' lang='lat' dir='ltr'>fit</span> <span class='ocrx_word' id='word_1_358' title='bbox 1332 4241 1361 4294; x_wconf 91' lang='lat' dir='ltr'>in</span> <span class='ocrx_word' id='word_1_359' title='bbox 1380 4241 1447 4295; x_wconf 89' lang='lat' dir='ltr'>Bre-</span> 
     </span>
     <span class='ocr_line' id='line_1_41' title="bbox 233 4325 1448 4402; baseline -0.002 -19"><span class='ocrx_word' id='word_1_360' title='bbox 233 4329 332 4384; x_wconf 89' lang='lat' dir='ltr'>viariis</span> <span class='ocrx_word' id='word_1_361' title='bbox 350 4329 525 4402; x_wconf 85' lang='lat' dir='ltr'>Hispaniois3</span> <span class='ocrx_word' id='word_1_362' title='bbox 543 4330 631 4386; x_wconf 85' lang='lat' dir='ltr'>fuisse</span> <span class='ocrx_word' id='word_1_363' title='bbox 648 4329 807 4400; x_wconf 88' lang='lat' dir='ltr'>relegatum</span> <span class='ocrx_word' id='word_1_364' title='bbox 820 4345 838 4383; x_wconf 88' lang='lat' dir='ltr'>a</span> <span class='ocrx_word' id='word_1_365' title='bbox 849 4330 1019 4400; x_wconf 91' lang='lat' dir='ltr'>Leovigildo</span> <span class='ocrx_word' id='word_1_366' title='bbox 1038 4332 1126 4401; x_wconf 86' lang='lat' dir='ltr'>Rege,</span> <span class='ocrx_word' id='word_1_367' title='bbox 1144 4331 1192 4400; x_wconf 92' lang='lat' dir='ltr'>qui</span> <span class='ocrx_word' id='word_1_368' title='bbox 1209 4329 1349 4385; x_wconf 90' lang='lat' dir='ltr'>haeresim</span> <span class='ocrx_word' id='word_1_369' title='bbox 1366 4325 1448 4382; x_wconf 87' lang='lat' dir='ltr'>Aria-</span> 
     </span>
     <span class='ocr_line' id='line_1_42' title="bbox 233 4415 1447 4487; baseline 0 -19"><span class='ocrx_word' id='word_1_370' title='bbox 233 4430 298 4468; x_wconf 90' lang='lat' dir='ltr'>nam</span> <span class='ocrx_word' id='word_1_371' title='bbox 329 4415 519 4487; x_wconf 84' lang='lat' dir='ltr'>sequebatur3</span> <span class='ocrx_word' id='word_1_372' title='bbox 558 4415 646 4471; x_wconf 85' lang='lat' dir='ltr'>fuisse</span> <span class='ocrx_word' id='word_1_373' title='bbox 675 4415 791 4484; x_wconf 90' lang='lat' dir='ltr'>insuper</span> <span class='ocrx_word' id='word_1_374' title='bbox 819 4416 993 4485; x_wconf 81' lang='lat' dir='ltr'>Episcopum</span> <span class='ocrx_word' id='word_1_375' title='bbox 1023 4416 1283 4487; x_wconf 77' lang='lat' dir='ltr'>Carthaginiensem</span> <span class='ocrx_word' id='word_1_376' title='bbox 1313 4419 1447 4470; x_wconf 85' lang='lat' dir='ltr'>creatum.</span> 
     </span>
     <span class='ocr_line' id='line_1_43' title="bbox 232 4501 1448 4574; baseline 0.001 -19"><span class='ocrx_word' id='word_1_377' title='bbox 232 4501 352 4572; x_wconf 88' lang='lat' dir='ltr'>Addidi,</span> <span class='ocrx_word' id='word_1_378' title='bbox 379 4502 440 4556; x_wconf 93' lang='lat' dir='ltr'>eius</span> <span class='ocrx_word' id='word_1_379' title='bbox 457 4518 559 4557; x_wconf 89' lang='lat' dir='ltr'>nomen</span> <span class='ocrx_word' id='word_1_380' title='bbox 576 4517 633 4556; x_wconf 90' lang='lat' dir='ltr'>non</span> <span class='ocrx_word' id='word_1_381' title='bbox 657 4518 719 4557; x_wconf 91' lang='lat' dir='ltr'>esse</span> <span class='ocrx_word' id='word_1_382' title='bbox 744 4501 916 4572; x_wconf 90' lang='lat' dir='ltr'>descriptum</span> <span class='ocrx_word' id='word_1_383' title='bbox 933 4503 962 4557; x_wconf 89' lang='lat' dir='ltr'>iu</span> <span class='ocrx_word' id='word_1_384' title='bbox 980 4504 1186 4574; x_wconf 87' lang='lat' dir='ltr'>Martyrologio</span> <span class='ocrx_word' id='word_1_385' title='bbox 1210 4504 1355 4558; x_wconf 90' lang='lat' dir='ltr'>Romano:</span> <span class='ocrx_word' id='word_1_386' title='bbox 1381 4503 1448 4558; x_wconf 90' lang='lat' dir='ltr'>licet</span> 
     </span>
     <span class='ocr_line' id='line_1_44' title="bbox 234 4587 1448 4660; baseline 0 -18"><span class='ocrx_word' id='word_1_387' title='bbox 234 4587 306 4642; x_wconf 91' lang='lat' dir='ltr'>enim</span> <span class='ocrx_word' id='word_1_388' title='bbox 329 4589 375 4644; x_wconf 91' lang='lat' dir='ltr'>die</span> <span class='ocrx_word' id='word_1_389' title='bbox 398 4588 490 4658; x_wconf 87' lang='lat' dir='ltr'>prima</span> <span class='ocrx_word' id='word_1_390' title='bbox 515 4587 646 4643; x_wconf 78' lang='lat' dir='ltr'>lanuarii</span> <span class='ocrx_word' id='word_1_391' title='bbox 673 4589 845 4658; x_wconf 91' lang='lat' dir='ltr'>descriptum</span> <span class='ocrx_word' id='word_1_392' title='bbox 869 4589 905 4644; x_wconf 93' lang='lat' dir='ltr'>sit</span> <span class='ocrx_word' id='word_1_393' title='bbox 928 4589 957 4644; x_wconf 88' lang='lat' dir='ltr'>iu</span> <span class='ocrx_word' id='word_1_394' title='bbox 979 4589 1186 4660; x_wconf 85' lang='lat' dir='ltr'>Martyrologio</span> <span class='ocrx_word' id='word_1_395' title='bbox 1213 4605 1315 4644; x_wconf 90' lang='lat' dir='ltr'>nomen</span> <span class='ocrx_word' id='word_1_396' title='bbox 1338 4588 1365 4644; x_wconf 81' lang='lat' dir='ltr'>S.</span> <span class='ocrx_word' id='word_1_397' title='bbox 1383 4588 1448 4643; x_wconf 85' lang='lat' dir='ltr'>Ful-</span> 
     </span>
     <span class='ocr_line' id='line_1_45' title="bbox 234 4673 1450 4746; baseline 0 -17"><span class='ocrx_word' id='word_1_398' title='bbox 234 4674 332 4744; x_wconf 87' lang='lat' dir='ltr'>gentii,</span> <span class='ocrx_word' id='word_1_399' title='bbox 350 4691 407 4730; x_wconf 87' lang='lat' dir='ltr'>non</span> <span class='ocrx_word' id='word_1_400' title='bbox 426 4677 469 4729; x_wconf 91' lang='lat' dir='ltr'>est</span> <span class='ocrx_word' id='word_1_401' title='bbox 486 4677 581 4728; x_wconf 90' lang='lat' dir='ltr'>tamen</span> <span class='ocrx_word' id='word_1_402' title='bbox 599 4690 700 4729; x_wconf 88' lang='lat' dir='ltr'>nomen</span> <span class='ocrx_word' id='word_1_403' title='bbox 712 4673 739 4729; x_wconf 87' lang='lat' dir='ltr'>S.</span> <span class='ocrx_word' id='word_1_404' title='bbox 752 4675 894 4746; x_wconf 85' lang='lat' dir='ltr'>Fulgentii</span> <span class='ocrx_word' id='word_1_405' title='bbox 911 4675 1066 4746; x_wconf 81' lang='lat' dir='ltr'>AstIgitani</span> <span class='ocrx_word' id='word_1_406' title='bbox 1084 4675 1219 4746; x_wconf 88' lang='lat' dir='ltr'>Episcopi</span> <span class='ocrx_word' id='word_1_407' title='bbox 1236 4680 1264 4730; x_wconf 91' lang='lat' dir='ltr'>et</span> <span class='ocrx_word' id='word_1_408' title='bbox 1276 4675 1324 4731; x_wconf 80' lang='lat' dir='ltr'>SS.</span> <span class='ocrx_word' id='word_1_409' title='bbox 1338 4675 1450 4745; x_wconf 87' lang='lat' dir='ltr'>Isidori,</span> 
     </span>
     <span class='ocr_line' id='line_1_46' title="bbox 233 4760 1449 4834; baseline 0.001 -19"><span class='ocrx_word' id='word_1_410' title='bbox 233 4760 356 4822; x_wconf 87' lang='lat' dir='ltr'>Leandri</span> <span class='ocrx_word' id='word_1_411' title='bbox 380 4777 415 4820; x_wconf 84' lang='lat' dir='ltr'>ac</span> <span class='ocrx_word' id='word_1_412' title='bbox 433 4760 614 4821; x_wconf 84' lang='lat' dir='ltr'>Florentiuae</span> <span class='ocrx_word' id='word_1_413' title='bbox 636 4760 747 4834; x_wconf 84' lang='lat' dir='ltr'>fratris,</span> <span class='ocrx_word' id='word_1_414' title='bbox 775 4762 826 4816; x_wconf 91' lang='lat' dir='ltr'>sed</span> <span class='ocrx_word' id='word_1_415' title='bbox 844 4761 917 4819; x_wconf 91' lang='lat' dir='ltr'>alius</span> <span class='ocrx_word' id='word_1_416' title='bbox 936 4760 963 4820; x_wconf 84' lang='lat' dir='ltr'>S.</span> <span class='ocrx_word' id='word_1_417' title='bbox 981 4762 1123 4833; x_wconf 84' lang='lat' dir='ltr'>Fulgentii</span> <span class='ocrx_word' id='word_1_418' title='bbox 1146 4761 1282 4834; x_wconf 90' lang='lat' dir='ltr'>Episcopi</span> <span class='ocrx_word' id='word_1_419' title='bbox 1302 4761 1449 4817; x_wconf 88' lang='lat' dir='ltr'>Ecclesiae</span> 
     </span>
    </p>
   </div>
   <div class='ocr_carea' id='block_1_5' title="bbox 0 0 1689 5476">
    <p class='ocr_par' dir='ltr' id='par_1_5' title="bbox 0 0 1689 5476">
     <span class='ocr_line' id='line_1_47' title="bbox 0 0 1689 5476; baseline 0 0"><span class='ocrx_word' id='word_1_420' title='bbox 0 0 1689 5476; x_wconf 95' lang='lat' dir='ltr'> </span> 
     </span>
    </p>
   </div>
  </div>
 </body>
</html>
