3350 5484
822 361 864 426 65

342 511 362 582 ³)
380 514 424 568 De
448 511 636 583 scriptoribus
664 513 864 568 ecclesiasticis
888 529 950 583 cap.
969 513 998 568 7:
1027 512 1119 582 Igitur
1141 512 1292 584 περιόδους
1314 513 1396 570 Ρ5111
1421 518 1450 569 51

235 600 367 671 Theclae,
394 604 530 655 ettotam
552 599 691 670 baptizati
712 599 815 654 Leonis
838 599 963 654 fabulam
986 599 1060 653 inter
1085 601 1266 670 apocryphas
1294 601 1450 670 scripturas

235 691 439 756 computamus.
475 685 564 750 Quale
583 687 655 740 enim
674 691 730 757 est,
756 690 788 740 ut
804 685 969 741 individuus
992 701 1087 740 comes
1104 685 1200 757 Pauli,
1226 687 1300 742 iuter
1321 692 1450 742 caeteras

235 775 295 829 eius
313 790 359 829 res
377 774 432 830 hoc
451 775 542 829 solum
562 773 764 842 ignoraverit?
800 773 857 828 Sed
875 777 905 828 51
921 771 1113 827 Tertullianus
1134 772 1245 827 vicinus
1267 790 1364 829 eorum
1381 779 1450 830 tem-

233 877 334 932 porum
361 863 449 919 refert
476 861 674 932 presbyterum
700 859 841 928 quendam
864 858 894 912 in
915 858 986 914 Asia
1008 857 1183 926 caecicatis
1208 859 1341 930 Apostoli
1358 860 1451 932 Pauli,

236 950 397 1006 convictum
419 950 497 1019 apud
519 948 671 1016 loannem,
698 946 776 1014 quod
798 949 899 999 auctor
923 949 998 1000 esset
1015 945 1095 1015 libri,
1121 949 1151 1000 et
1169 945 1328 1002 confessum
1346 964 1377 1003 se
1394 949 1450 1002 hoc

235 1038 317 1092 Pauli
336 1053 433 1092 amore
450 1035 563 1105 iecisse,
582 1037 610 1088 et
628 1031 666 1088 ob
683 1032 714 1086 id
731 1031 796 1088 loco
815 1031 953 1086 excidisse
971 1032 1025 1100 (ed.
1044 1030 1169 1088 Helmst.
1188 1035 1264 1090 1611.
1282 1053 1310 1105 p.
1328 1035 1388 1104 ab).

342 1124 362 1192 ⁴)
380 1125 495 1178 Decret.
516 1123 552 1177 de
569 1119 738 1190 recipiendis
757 1123 786 1175 et
803 1135 860 1174 non
878 1118 1047 1188 recipiendis
1063 1118 1144 1175 libris
1162 1123 1215 1175 etc.
1251 1121 1351 1191 (Epist.
1369 1122 1451 1178 Rom.

235 1208 337 1263 Pontii.
356 1209 400 1263 ed.
422 1203 513 1262 rutel.
532 1205 555 1276 Ι,
572 1205 644 1274 464.)

220 1319 223 1326 ·
347 1292 368 1363 ⁵)
387 1294 444 1350 Gir.
456 1293 531 1348 Acta
548 1291 754 1362 Apostolorum
773 1290 940 1362 apocrypha
959 1292 1003 1348 ed.
1018 1285 1221 1362 Ticcbcadorfi
1247 1293 1362 1364 Lipsiae
1375 1293 1452 1350 1851.

235 1399 263 1450 p.
280 1381 316 1435 40
334 1396 376 1450 sq.
411 1382 512 1436 Revuo
531 1377 656 1448 Oritique
675 1378 836 1434 d’Histoire.
872 1379 937 1433 Par.
956 1379 1033 1434 1818.
1051 1396 1079 1447 p.
1098 1379 1158 1434 135.

295 1501 297 1506 -
343 1466 363 1534 ⁶)
381 1465 510 1534 Fosslcr,
538 1467 607 1522 Inst.
630 1465 777 1536 Patrolog.
801 1465 880 1520 Tem.
899 1466 936 1520 Π.
959 1465 1107 1535 Oenipont.
1126 1466 1202 1521 1851.
1224 1483 1252 1536 p.
1271 1467 1321 1522 141
1341 1483 1382 1536 sq.
1406 1467 1471 1536 Dev

240 1554 350 1613 ratione
367 1557 466 1608 mutua
487 1553 561 1608 inter
583 1555 728 1607 auctorem
750 1567 922 1621 anonymum
940 1553 993 1604 τοῦ
1011 1554 1164 1624 μαρτυρίου
1185 1555 1233 1622 τῆς
1250 1550 1331 1617 ἁγίας
1348 1555 1452 1625 Oetae,
1547 1551 1552 1562 '

237 1640 285 1709 qui
303 1640 392 1695 mult'a
410 1656 445 1695 ex
463 1639 625 1695 fabulatore
636 1639 765 1694 Asiatico
783 1637 913 1694 hausisse
930 1639 1053 1710 videtur,
1071 1643 1100 1694 et
1117 1636 1270 1696 Basiliam
1289 1637 1451 1697 Salacien-

236 1743 309 1797 scsn,
339 1727 385 1781 cui
408 1732 473 1783 acta
498 1727 525 1783 S.
549 1726 679 1782 Theclae
700 1740 774 1796 quae
801 1721 952 1780 etiamnum
979 1731 1143 1798 supersunt,
1172 1727 1377 1796 praeluxerunt
1401 1725 1454 1781 cir.

238 1809 437 1886 Tiscbcadorf
458 1814 476 1869 l.
505 1830 528 1870 c.
555 1813 715 1883 Prolegom.
742 1829 770 1882 p.
798 1811 869 1867 XXI
896 1829 937 1883 sq.
965 1818 994 1868 et
1020 1811 1162 1871 Bollcad.
1189 1814 1264 1870 Acta
1290 1812 1346 1884 SS,
1365 1828 1451 1870 mens.

236 1900 393 1971 Septembr.
411 1906 478 1956 tom.
496 1901 546 1956 VI.
564 1918 591 1970 p.
609 1899 662 1955 546
680 1915 721 1969 sq.

343 1987 363 2056 7)
381 1987 528 2058 Martyrol.
546 1987 667 2042 Plantin.
687 2003 712 2044 a.
731 1987 800 2042 1589
817 2003 845 2056 p.
862 1985 924 2042 425.

341 2074 362 2144 υ)
378 2091 435 2130 non
454 2073 671 2144 ,Winchelius“,
689 2073 926 2144 quemadmodum
943 2068 1453 2143 155111155Αῶ515111,165116.

341 2163 363 2234 ⁹)
380 2163 485 2234 Agitur
507 2162 543 2216 de
567 2156 748 2216 Eusebianos
770 2161 927 2228 Martyrum
949 2157 1054 2228 Libris,
1082 2173 1154 2228 quos
1175 2157 1205 2211 in
1226 2157 1323 2212 Indice
1350 2157 1452 2214 biblio-

238 2250 338 2305 thecae
351 2249 474 2320 Philippi
485 2248 687 2318 Hispaniarum
704 2246 781 2318 regis
799 2245 876 2314 apud
888 2243 916 2300 S.
928 2245 1112 2300 Laurentium
1123 2244 1151 2298 in
1163 2244 1318 2319 Escuriaco
1336 2249 1452 2300 notatos

237 2355 267 2394 se
291 2354 317 2394 a.
337 2337 404 2392 1579
430 2336 538 2391 vidisse
564 2338 686 2389 testatus
713 2337 757 2388 est
783 2328 954 2401 Liadauua,
984 2347 1070 2400 quum
1097 2332 1206 2386 Romae
1232 2335 1452 2401 recognosceret

235 2424 392 2480 Β51511111
404 2421 640 2492 Martyrologium
657 2419 834 2475 Notationes.
864 2417 935 2486 (,Er
949 2416 1028 2472 libris
1045 2422 1210 2489 martyrum,
1228 2432 1300 2487 quos
1312 2417 1452 2472 Eusebius

236 2509 430 2568 Caesariensis
442 2524 473 2564 se
486 2509 634 2578 scripsisse
651 2509 783 2576 testatur,
799 2509 858 2559 tres
875 2504 999 2558 nondum
1013 2503 1049 2558 de
1060 2503 1172 2559 Graeco
1191 2519 1292 2559 versos
1310 2503 1339 2558 in
1350 2503 1453 2560 biblio-

235 2598 320 2654 theca
331 2595 455 2666 Philippi
472 2594 672 2664 Hispaniarum
689 2592 777 2662 Regis
795 2590 913 2662 piissimi
931 2589 1009 2659 apud
1021 2588 1049 2645 S.
1061 2589 1244 2645 Laurentium
1255 2590 1284 2644 in
1296 2590 1452 2647 Escuriaoo

236 2689 350 2740 exstare
368 2683 451 2739 nobis
468 2683 596 2752 loquitur
618 2679 707 2734 Index
725 2677 865 2754 eiusdem
892 2692 975 2746 quem
993 2675 1141 2732 Catholica
1158 2677 1293 2732 Maiestas
1313 2677 1396 2733 nobis
1414 2678 1453 2732 ad

235 2787 321 2826 unam
343 2774 393 2825 aut
421 2769 540 2824 alteram
566 2769 678 2822 noctem
702 2764 898 2819 devorandum
925 2762 1063 2834 singulari
1090 2762 1291 2818 benevolentia
1316 2763 1453 2834 permisit,

237 2856 399 2912 51151579.
419 2871 481 2910 cum
500 2868 627 2923 eousque
645 2851 730 2920 exilii,
753 2850 830 2920 quod
849 2849 934 2904 civile
950 2849 1056 2904 bellum
1074 2847 1111 2903 ab
1129 2847 1280 2904 haereticis
1299 2850 1452 2905 excitatum

235 2943 321 2998 tertio
338 2941 488 3012 inflixerat,
513 2939 624 2995 solandi
643 2952 731 2992 causa
749 2952 785 2990 ex
801 2935 903 3006 Belgio
922 2952 973 3006 per
991 2935 1104 2990 Italiam
1122 2939 1151 2989 et
1169 2934 1290 2990 Galliam
1307 2937 1453 3004 pervenis·

235 3045 335 3086 semus.
372 3029 406 3082 In
427 3027 527 3083 eodem
554 3025 647 3080 indice
672 3021 700 3079 S.
725 3022 899 3078 Athanasius
927 3021 1047 3078 devita
1074 3027 1190 3078 sanctae
1217 3022 1341 3078 Theclae
1368 3022 1453 3078 nobis

234 3117 325 3172 lectus
343 3119 399 3186 est,
427 3114 462 3169 de
482 3129 552 3184 quo,
578 3116 610 3166 ut
628 3111 710 3166 etde
729 3109 786 3165 illis
810 3109 926 3166 Husebii
950 3109 986 3164 de
1004 3107 1052 3165 SS.
1071 3108 1245 3180 Martyribus
1267 3108 1367 3164 Latine
1387 3109 1453 3164 oon-v

235 3202 389 3272 vertendis,
407 3201 454 3271 egi
471 3199 582 3271 prolixe
601 3213 664 3254 cum
683 3195 848 3263 doctissimo
865 3196 930 3251 viro
943 3197 978 3251 D.
991 3194 1094 3251 Oosma
1106 3195 1235 3251 Fontaeo
1253 3195 1345 3266 Regio
1365 3195 1452 3252 Grae·

179 3345 181 3349 ,
236 3305 332 3344 corum
356 3288 524 3358 interprete,
551 3289 583 3340 ut
607 3284 739 3340 absoluta
763 3282 856 3338 Photii
883 3281 1058 3338 bibliotheca
1084 3287 1152 3338 tunc
1175 3283 1213 3338 ad
1236 3283 1368 3338 amussim
1393 3283 1452 3338 iere

239 3389 385 3444 expressa,
414 3373 496 3428 nobis
516 3373 582 3428 illas
605 3375 768 3426 sanctorum
789 3375 946 3440 martyrum
969 3374 997 3424 et
1017 3370 1047 3423 in
1070 3370 1168 3440 primis
1194 3375 1310 3425 sanctae
1329 3369 1453 3424 Theclae

236 3475 356 3514 coronas
377 3459 407 3512 in
430 3460 522 3514 lucem
548 3457 724 3513 refunderet:
756 3458 791 3512 de
815 3473 871 3527 quo
895 3462 924 3512 et
946 3473 1020 3512 nunc
1048 3457 1135 3511 statui
1162 3457 1200 3511 ad
1225 3457 1318 3526 ipsum
1344 3457 1453 3526 Regem

235 3551 301 3602 ante
328 3546 483 3600 discessum
509 3545 647 3615 scribere,
673 3547 705 3598 ut
727 3543 835 3599 habeas
861 3543 938 3599 unde
965 3559 1068 3598 aureas
1090 3542 1200 3598 illas'S.
1219 3543 1342 3598 Theclae
1365 3547 1453 3612 atque

235 3633 347 3688 illorum
365 3635 527 3686 sanctorum
546 3634 702 3701 martyrum
727 3629 860 3685 historias
879 3629 1074 3685 exornatiores
1092 3633 1121 3686 et
1138 3630 1314 3700 copiosiores
1331 3629 1452 3684 reddere

236 3719 361 3789 queas.“)
395 3717 435 3772 At
452 3713 470 3786 ἦ
487 3711 550 3768 καθ’
574 3713 646 3786 ἡμᾶς
667 3718 750 3770 eluta
775 3717 891 3773 Eusebii
918 3718 973 3786 (De
990 3716 1163 3786 Martyribus
1185 3715 1366 3770 Palaestinae
1385 3731 1409 3770 c.
1427 3717 1452 3772 3.

235 3797 338 3859 Euseb.
361 3803 499 3872 Pamphil.
522 3803 594 3859 Hist.
617 3803 694 3858 Eccl.
716 3819 773 3858 rec.
791 3802 825 3858 H.
844 3804 998 3858 Laemmer.
1035 3801 1173 3872 Scaphus.
1198 3803 1266 3857 1859
1284 3816 1325 3870 sq.
1344 3818 1371 3870 p.
1390 3802 1452 3870 611)

233 3905 291 3944 115
310 3906 373 3944 cum
390 3889 504 3959 Agapio
524 3889 550 3944 d.
570 3891 610 3945 19.
629 3890 752 3960 August.
769 3890 799 3944 in
816 3891 1023 3961 Martyrologio
1041 3893 1222 3944 memoratur.
1334 3955 1335 3958 Ἴ

345 3976 376 4040 ¹⁹)
395 3975 576 4031 collectorem
600 3975 790 4030 Conciliorum
811 3975 980 4047 Hispaniae,
1007 3991 1024 4030 a
1042 3974 1174 4044 Philippo
1193 3974 1229 4028 II.
1253 3972 1353 4028 studiis
1376 3973 1452 4028 unici

235 4061 285 4116 filii
303 4061 427 4132 Philippi
445 4062 496 4116 III.
515 4062 698 4132 praefectum.
735 4061 791 4120 Cir.
810 4059 934 4118 Albcm’c.
953 4063 975 4133 I,
993 4062 1052 4117 284.
1070 4063 1123 4117 383
1142 4077 1182 4130 sq.
