3350 5484
828 417 870 480 33

244 569 382 636 Oratorii
403 569 580 654 presbyter,
591 567 618 656 ¹)
641 563 779 649 diligens
803 564 942 632 studium
962 568 994 630 et
1009 561 1147 630 officinm
1175 562 1378 630 laudabiliter
1400 564 1457 629 im-

243 673 409 759 penderat.
455 672 541 738 Satis
572 671 676 737 habco
709 671 807 737 citare
829 672 910 736 Acta
937 667 996 733 SS.
1023 666 1164 732 Abundii
1191 675 1223 733 et
1249 666 1456 752 Abundantii,

244 777 404 862 Agathae,
438 776 621 861 Agrippini,
653 775 804 858 Albinae,
836 770 1027 856 Alexandri,
1057 771 1218 839 Ambrosii
1246 772 1458 852 Centurionis,

244 881 408 947 Anastasii
441 881 574 963 Persae,
609 878 751 945 Barontii
783 884 814 943 et
846 875 1020 960 Desiderii,
1054 873 1257 964 Brigidae,⁹)
1291 877 1458 957 Bruncnis,

244 984 450 1070 Carpophori,
475 981 630 1068 Oasimiri,
638 982 668 1069 ³)
692 979 876 1066 Crescentii,
894 979 1003 1066 Oyrilli
1019 979 1311 1067 Hierosolymitani,
1328 982 1457 1065 Donati,

244 1088 381 1173 Ephisii,
412 1087 625 1174 Euthymii,⁴)
656 1085 801 1171 Eutropii
824 1091 856 1151 et
878 1085 966 1168 Soc,
997 1083 1165 1169 Feliciani,
1197 1085 1328 1170 Felicis,
1360 1085 1459 1161 Fran-

245 1192 349 1258 ciscae
372 1192 496 1278 Vid.,⁶)
521 1189 701 1276 Georgii,⁶)
725 1189 888 1272 Gulielmi,
911 1188 1126 1274 illuminatae,
1158 1189 1294 1274 Juliani,
1317 1189 1459 1274 Luxorii,

245 1295 363 1380 Magni,
386 1296 572 1378 Marcellini,
595 1295 694 1360 Marci
716 1295 790 1380 Ep,
814 1294 1024 1378 Margaritae,
1046 1293 1168 1358 Mariae
1190 1292 1357 1378 Jacobi,⁷)
1380 1294 1459 1358 Mat-

244 1400 329 1466 thaei
360 1400 523 1487 Apost.,⁸)
555 1398 657 1465 Mauri
684 1404 716 1464 et
746 1397 870 1481 Severi,
903 1397 1050 1463 Mercurii
1075 1394 1109 1463 ¹et
1135 1397 1259 1483 Soc.,⁹)
1293 1397 1460 1463 Palatiatis

247 1511 279 1571 et
300 1505 507 1588 Laurentiae,
539 1502 678 1586 Paridis,
710 1500 918 1567 Patermnthii
941 1507 973 1567 et
995 1501 1133 1586 Soc.,¹⁰)
1155 1500 1290 1582 Paulini,
1322 1501 1460 1587 Philippi

245 1606 434 1691 Florentini,
468 1607 555 1672 Proti
584 1611 616 1672 et
637 1591 796 1691 ianuarii,
829 1605 1062 1689 Pndentianae,
1098 1606 1289 1690 Restitutae,
1323 1606 1459 1690 Romuli,

246 1713 361 1796 Rosae,
380 1708 485 1775 Rufini
496 1709 616 1795 Ep.,¹¹)
642 1708 763 1793 Sabini,
787 1708 1079 1796 Scillitanorum,¹⁹)
1103 1709 1314 1794 Secundinae,
1339 1710 1460 1796 Severi,

247 1814 408 1896 Severini,
432 1813 602 1900 Simplicii,
628 1813 787 1880 Vincentii
810 1812 941 1900 Lev.¹³)

355 2056 373 2125 ¹)
399 2051 557 2126 Villerosa,
573 2055 707 2111 Memoris
726 2055 802 2125 degli
820 2054 951 2110 Scrittori
969 2053 1102 2122 Filippini
1121 2055 1158 2124 II,
1176 2055 1210 2108 99
1228 2070 1270 2123 sq.

351 2141 372 2211 ²)
391 2143 539 2198 Habentur
562 2143 703 2212 quaedam
727 2143 788 2196 eius
811 2145 877 2197 acta
899 2141 978 2210 apud
1004 2140 1072 2195 Mur.
1096 2144 1163 2196 torn.
1184 2143 1206 2196 1.
1243 2141 1349 2196 Verum
1376 2142 1461 2212 longe

246 2229 402 2298 prolixiora
413 2229 471 2299 legi
482 2230 511 2283 in
522 2233 580 2283 vet.
594 2229 656 2283 cod.
669 2245 809 2284 manuscr.
826 2227 990 2283 monasterii
1004 2223 1036 2283 S.
1051 2222 1203 2282 Caeciliae
1221 2229 1307 2283 trans
1323 2226 1460 2297 Tiberim,

244 2315 347 2386 viginti
366 2320 490 2386 quatuor
507 2315 640 2370 distincta
658 2315 807 2385 capitibus.
843 2315 927 2383 (Ann.
946 2329 971 2368 a.
990 2315 1013 2368 1.
1032 2313 1126 2382 Febr.)

351 2403 372 2472 ³)
391 2405 512 2460 Exstant
533 2403 594 2458 eius
618 2405 685 2456 acta
707 2402 814 2472 scripta
837 2406 972 2456 accurate
997 2399 1171 2456 aZacharia
1195 2399 1334 2456 Ferrario
1360 2401 1463 2457 Vicen-

247 2491 317 2561 tino,
336 2491 471 2561 episcopo
491 2489 639 2560 Gardensi,
656 2490 766 2558 Legato
784 2488 954 2557 Apostolico
966 2488 996 2542 in
1008 2487 1136 2542 Polonia.
1166 2487 1219 2554 Qui
1238 2490 1322 2544 etiam
1340 2491 1463 2544 auctori·

248 2582 308 2632 tate
320 2577 441 2632 Romani
459 2575 605 2632 Pontificis
624 2575 736 2630 divinas
754 2590 863 2645 preces,
882 2591 980 2630 sacros
998 2573 1119 2646 hymnos
1136 2590 1171 2629 ac
1184 2576 1305 2646 denique
1322 2577 1463 2646 integrum

248 2663 377 2719 Officium
404 2663 627 2719 ecclesiasticum
649 2662 678 2716 in
704 2661 765 2717 eius
792 2660 928 2716 honorem
956 2662 1134 2716 recitandum
1161 2663 1337 2733 conscripsit.
1380 2664 1463 2733 (Arm.

249 2767 274 2805 a.
296 2751 321 2806 4.
340 2751 433 2820 Mart.)
736 2818 738 2824 Ι

355 2837 375 2905 ⁴)
394 2837 480 2891 Cuius
502 2841 568 2892 acta
590 2835 724 2905 leguntur
746 2835 775 2888 in
799 2834 888 2904 gestis
907 2834 934 2889 S.
953 2833 1108 2890 crescentii
1126 2838 1273 2907 martyris:
1302 2837 1464 2907 accepimus
1491 2851 1496 2864 ·

248 2939 283 2979 ea
302 2923 339 2978 ab
359 2923 482 2977 ecclesia
500 2921 656 2977 Parasino.
693 2923 777 2989 (Ann.
796 2937 822 2976 a.
840 2922 883 2975 29.
901 2920 987 2990 Aug.)
1468 2969 1471 2974 ,

352 3007 373 3078 ⁵)
391 3008 461 3078 Legi
481 3025 515 3063 ex
533 3007 661 3064 archivio
681 3008 741 3062 eius
759 3006 922 3061 monasterii
945 3006 1018 3060 dnos
1041 3023 1181 3062 manuscr.
1207 3009 1334 3080 codices,
1362 3010 1465 3080 quibus

248 3098 308 3151 eius
326 3096 555 3166 praeclarissima
572 3096 638 3150 acta
657 3099 686 3149 et
702 3093 840 3148 miracula
862 3096 928 3147 sunt
950 3093 1126 3163 consignata.
1163 3094 1246 3165 (Ann.
1266 3111 1291 3151 a.
1309 3097 1334 3150 9.
1352 3097 1445 3166 Mart.)

353 3181 467 3252 ⁰)Acta
491 3181 521 3240 S.
542 3179 665 3254 Georgii
690 3182 786 3236 multis
809 3181 888 3236 haud
911 3181 1028 3235 dubium
1053 3181 1159 3237 referta
1180 3183 1343 3239 mendaciis.
1380 3184 1464 3255 (Ann.

249 3286 275 3324 a.
293 3271 335 3325 23.
353 3269 455 3338 April.)

358 3355 378 3424 ⁷)
396 3356 466 3410 Eius
483 3355 525 3410 rei
543 3359 641 3426 gestae
666 3355 868 3425 (Translation.
887 3356 914 3412 S.
927 3356 1033 3411 Mariae
1046 3353 1120 3424 Jac.)
1138 3355 1285 3411 historiam
1304 3357 1465 3426 accepimus

249 3443 384 3498 editama
402 3439 553 3499 Verulana
572 3441 694 3498 ecclesia
706 3484 713 3498 .
727 3484 754 3498 ..
773 3443 830 3498 alia
848 3445 964 3513 insuper
984 3439 1019 3496 de
1032 3441 1075 3496 his
1093 3444 1286 3512 manuscripta
1304 3443 1466 3512 accepimus

249 3531 285 3585 ab
304 3529 425 3585 ecclesia
441 3526 622 3586 Pistorieosa'
640 3530 795 3600 praedictis
815 3529 1028 3585 consentientia.
1065 3530 1149 3595 (Ann.
1168 3545 1193 3584 a.
1211 3531 1246 3583 25
1263 3529 1340 3596 Mai.)

355 3615 376 3684 ⁸)
394 3616 468 3670 Acta
487 3617 547 3671 eius
565 3617 719 3672 novissime
732 3634 767 3672 ex
780 3617 904 3686 antiquis
923 3614 1109 3671 monumentis
1128 3619 1157 3668 et
1175 3619 1336 3669 sanctorum
1350 3616 1466 3668 Petrum

255 3702 368 3772 scriptis
387 3703 503 3772 collegit
520 3704 554 3757 R.
572 3703 606 3758 D.
624 3705 709 3759 Marc.
727 3705 869 3759 Antonius
896 3699 1043 3760 Oolumaa
1065 3701 1188 3771 archiep.
1207 3701 1411 3773 Salemitanus‚
1439 3707 1467 3756 et

250 3805 318 3844 sane
337 3787 449 3858 quidem
468 3789 587 3844 erudite.
624 3790 707 3860 (Ann.
726 3807 751 3846 a.
769 3791 812 3845 21.
831 3789 919 3858 Sept.)

226 3885 229 3894 ‘
355 3874 376 3944 ⁹)
395 3875 503 3930 Horum
522 3879 588 3930 acta
606 3878 768 3946 accepimus
787 3878 865 3932 edita
883 3877 919 3932 ab
939 3877 1060 3931 ecclesia
1077 3873 1240 3940 Leontina,
1268 3875 1365 3930 iuncta
1383 3875 1465 3930 simul

250 3979 312 4016 cum
335 3962 421 4016 rebus
445 3961 533 4031 gestis
561 3967 722 4020 sanctorum
748 3967 904 4034 martyrum
932 3963 1080 4032 Adelphii,
1107 3961 1296 4031 Philadelphii
1314 3967 1343 4016 et
1361 3962 1466 4033 Cyrini.
1491 3990 1494 3997 ·

253 4048 337 4117 (Anu.
354 4061 382 4103 a.
402 4051 443 4105 10.
462 4050 606 4118 Decemb.)

362 4135 391 4204 ¹⁰)
409 4137 480 4206 Legi
504 4136 606 4192 horum
628 4141 694 4192 acta
717 4135 746 4189 in
772 4138 829 4190 vet.
856 4134 919 4189 cod.
943 4133 1080 4189 basilicae
1099 4130 1130 4190 S.
1149 4131 1235 4189 Petri
1251 4131 1287 4188 ia
1310 4132 1465 4201 Vaticano,

249 4223 301 4278 s'ed
319 4238 393 4292 quae
412 4239 532 4277 censura
550 4229 579 4278 et
597 4223 798 4279 emendatione·
810 4221 965 4290 indigeant.
1001 4219 1085 4288 (Ann.
1104 4237 1130 4275 a.
1148 4222 1172 4276 9.
1191 4221 1258 4289 Jul.)

362 4309 391 4377 ¹¹)
410 4309 515 4378 Agitur
533 4309 568 4364 de
587 4311 687 4366 eodem
711 4310 765 4364 hae
784 4310 829 4364 die
847 4309 876 4363 in
892 4308 1022 4363 Ecclesia
1040 4306 1224 4364 Marsicaaa.
1242 4308 1312 4377 Legi
1330 4312 1388 4363 tarn
1407 4309 1468 4364 eius

251 4411 335 4464 quarn
355 4394 381 4449 S.
401 4395 523 4450 Caesidii
542 4396 603 4450 eius
620 4395 671 4450 filii
688 4396 816 4466 martyrii
835 4399 901 4450 acta
919 4394 955 4449 'ab
975 4394 1074 4448 cadem
1093 4395 1214 4449 ecclesia
1232 4399 1366 4466 accepta;
1394 4411 1468 4464 quae

250 4486 345 4537 tamen
369 4498 425 4536 non
448 4482 507 4537 levi
530 4477 658 4552 indigent
685 4481 889 4536 emendatione.
926 4478 983 4534 Sed
1000 4481 1158 4548 reperimus
1182 4482 1239 4536 alia
1256 4482 1312 4536 illis
1330 4481 1469 4554 fideliora,

253 4569 304 4624 sed
321 4568 496 4640 imperfecta,
513 4569 596 4625 nohis
613 4568 759 4639 impartita
778 4567 815 4623 ab
829 4567 951 4622 ecclesia
968 4563 1156 4622 Pistoreeasi.
1192 4568 1276 4637 (Ann.
1289 4584 1315 4623 a.
1329 4570 1370 4624 11.
1382 4569 1468 4639 Aug.)

331 4675 335 4684 ·
362 4655 392 4726 ¹²)
410 4656 554 4712 Habemus
579 4655 680 4712 horum
703 4671 740 4710 ss.
764 4658 921 4725 martyrum
948 4657 1026 4724 acta,
1053 4658 1139 4724 prout
1166 4658 1286 4724 excepta
1313 4654 1427 4710 fuerunt
1451 4671 1470 4710 a

252 4739 408 4813 Notariie,
436 4747 464 4799 et
481 4744 574 4800 relata
591 4744 620 4799 in
638 4746 708 4800 actu
729 4739 976 4805 Proconsularis,
1005 4742 1114 4812 absque
1137 4741 1196 4796 ullo
1221 4741 1317 4811 aliquo
1335 4742 1402 4796 fuco
1421 4741 1467 4797 vel

252 4830 446 4886 additamento
475 4831 541 4888 inde
571 4831 729 4904 descripta,
767 4829 850 4902 nobis
880 4829 993 4900 quidem
1023 4829 1127 4899 quovis
1163 4827 1297 4886 thesauro
1328 4828 1469 4884 chariora.

1283 4915 1312 4988 Ι3
