3350 5484
816 362 855 426 27

231 515 386 569 Prumiensi
410 518 545 584 tanquam
572 530 643 570 vero
671 514 780 568 auctori
806 514 966 583 restitutas,
1002 513 1052 568 cfr.
1076 514 1111 567 K.
1134 511 1264 579 We'rner,
1293 511 1373 566 Beda
1395 510 1445 564 der

232 601 325 657 Ehrw.
343 620 370 671 p.
391 602 448 656 146.
748 625 773 672 q,

336 698 356 764 ²)
375 697 431 751 Ofr.
448 694 564 766 Dedris,
583 697 641 750 Iter
658 698 816 750 Romanum
835 696 856 749 l.
876 697 910 750 78
928 713 969 764 sq.

336 793 357 860 ³)
375 793 472 848 Veluti
494 793 636 862 ingentem
660 790 822 845 thesaurum
848 791 988 844 Batonius
1009 791 1040 844 id
1058 791 1230 845 liheralit-ate
1252 785 1357 846 sirleti
1379 804 1444 856 pos·

230 878 342 933 sidebat
360 884 388 934 et
406 883 486 934 tanto
505 877 730 949 amplectebatur
747 893 782 931 ac
801 877 938 932 servabat
955 877 1071 947 gaudio,
1090 881 1121 932 ut
1134 877 1232 932 Croesi
1251 893 1321 946 opes
1339 875 1444 930 habere

230 980 261 1018 se
280 966 417 1020 crederet.

337 1060 357 1128 ⁴)
378 1061 440 1116 Non
468 1061 504 1115 ab
531 1061 659 1114 instituto
687 1060 808 1114 alienum
836 1059 978 1128 existimo,
1009 1059 1032 1113 si
1058 1073 1120 1112 curn
1149 1073 1235 1127 saepe
1262 1057 1290 1110 in
1315 1058 1444 1111 Romano

229 1146 434 1216 Martyrologio
462 1145 534 1202 libri
560 1145 747 1218 dialogorum
767 1143 799 1200 S.
819 1142 960 1217 Gregorii
987 1147 1084 1214 Papae
1112 1145 1292 1201 adducantur
1316 1145 1344 1198 in
1368 1143 1445 1198 testi-

229 1233 360 1302 monium,
386 1235 500 1289 eosdem
528 1234 611 1303 (tanti
635 1233 728 1288 Patris
752 1233 913 1287 reverentia
936 1233 1049 1299 ductus)
1074 1247 1091 1286 a
1116 1231 1262 1286 calumniis
1288 1230 1445 1297 vendicem,

228 1335 284 1373 non
312 1319 376 1374 dieo
403 1321 625 1390 haeretieorum,
655 1320 705 1374 sed
732 1318 871 1374 Catholici
899 1318 1020 1372 hominis
1049 1313 1222 1372 Melchioris
1250 1313 1330 1374 Ocni
1359 1317 1444 1386 episc.

229 1406 331 1460 Ganar.
352 1406 463 1460 durnin
483 1423 599 1462 suorum
618 1422 690 1475 quos
709 1406 822 1475 scripsit
839 1406 967 1460 locorum
986 1404 1222 1474 Theologieorum
1244 1404 1444 1459 commentario

228 1491 288 1547 lib?
301 1483 351 1547 XI.
377 1509 439 1562 cap.
458 1495 482 1548 6.
511 1494 651 1548 adversus
677 1493 841 1562 praedictos
870 1492 1047 1561 dialogorum
1075 1490 1165 1545 libros
1192 1491 1385 1546 inconstanter
1410 1506 1445 1544 ac

228 1569 388 1633 inconsulte
407 1579 488 1632 nimis
506 1578 585 1648 loqui
603 1580 749 1649 videatur3
780 1583 809 1633 et
826 1593 899 1646 quos
920 1579 976 1632 iam
999 1578 1074 1632 mille
1092 1578 1151 1633 fere
1170 1579 1265 1648 annis,
1291 1582 1349 1632 tam
1367 1575 1445 1632 Oeei·

230 1665 352 1736 dentalis
376 1680 460 1733 quam
478 1665 628 1720 Orientalis
650 1665 779 1720 Ecclesia
803 1679 911 1718 summa
929 1663 998 1734 fide,
1026 1665 1113 1734 digna
1129 1665 1316 1720 veneratione
1333 1665 1445 1718 immen-

231 1752 325 1820 sisque
347 1755 391 1806 est
415 1751 548 1805 laudibus
574 1756 742 1822 prosecuta,
771 1750 878 1804 audeat
900 1767 994 1805 novus
1021 1754 1147 1805 assertor
1169 1752 1199 1804 in
1223 1750 1446 1806 controversiam

229 1854 367 1892 revocare
386 1854 420 1891 ac
437 1836 494 1891 fide
511 1837 644 1892 minuere.
679 1837 720 1890 At
738 1853 773 1890 ne
792 1852 844 1891 nos
863 1837 1003 1892 calumnia
1021 1853 1107 1907 agere
1126 1837 1197 1906 quis·
1210 1837 1363 1904 existimet,
1382 1836 1445 1890 red-

229 1925 320 1978 dimus
344 1924 403 1978 eius
426 1925 529 1995 verba,
555 1924 764 1994 praetereundo
789 1925 938 1994 nonnulla,
965 1940 1039 1993 quae
1058 1924 1157 1978 eodem
1182 1924 1307 1992 capitulo
1326 1923 1444 1992 abipso

229 2010 319 2080 dicta,
347 2011 536 2080 castigatione
559 2015 624 2065 sunt
646 2011 746 2080 digna3
776 2011 817 2064 sie
839 2027 869 2065 sc
890 2011 1008 2080 habent,
1035 2011 1101 2065 dum
1125 2015 1239 2065 sanctos
1263 2026 1297 2065 ae
1319 2009 1445 2064 eruditos

229 2098 308 2152 viros
327 2098 517 2153 hallucinatos
535 2114 598 2153 esse
616 2097 770 2166 aliquando
792 2101 911 2151 conatus
935 2101 978 2151 est
996 2097 1204 2152 demonstrare:
1235 2097 1314 2162 Quae
1332 2096 1444 2166 (inquit)

229 2201 283 2254 ego
303 2185 403 2238 eadem
422 2186 457 2239 de
475 2185 555 2239 Beda
573 2187 660 2253 atque
679 2183 819 2254 Gregorio
837 2185 898 2238 iure
916 2184 1039 2238 fortasse
1058 2198 1092 2236 ac
1110 2199 1180 2237 vere
1198 2183 1293 2237 dicere
1316 2199 1445 2253 possum:

229 2288 348 2340 quorum
366 2270 414 2324 ille
432 2271 461 2324 in
479 2270 598 2325 historia
616 2270 787 2340 Anglorum,
814 2269 859 2325 hie
877 2272 905 2325 in
925 2270 1047 2340 dialogis
1066 2269 1206 2338 quaedam
1224 2270 1360 2324 miracula
1378 2271 1445 2324 seri-

228 2357 300 2411 bunt
325 2356 415 2426 vulgo
441 2358 549 2412 iactata
572 2361 601 2411 et
623 2358 744 2412 credita:
775 2373 849 2427 quae
871 2357 954 2410 huius
980 2356 1148 2425 praesertim
1176 2356 1263 2410 seculi
1286 2355 1445 2410 Aristarchi

228 2444 337 2498 incerta
355 2460 417 2498 esse
437 2444 599 2498 censebunt.
629 2445 767 2514 Equidem
785 2443 919 2497 historias
937 2442 1001 2496 illas
1019 2443 1171 2511 probarem
1190 2444 1288 2514 magis,
1307 2444 1330 2497 si
1348 2459 1444 2498 earum

229 2535 374 2598 auctores,
400 2531 481 2584 iuxta
503 2529 681 2600 praefinitam
703 2543 844 2598 normam,
871 2528 1018 2584 severitati
1036 2529 1133 2584 iudicii
1153 2547 1249 2585 curam
1266 2531 1295 2584 in
1314 2529 1444 2599 eligendo

228 2618 364 2671 maiorem
386 2615 588 2671 adiunxissent.
625 2616 681 2672 Sed
705 2616 838 2686 quoniam
861 2616 988 2670 modeste
1008 2619 1036 2669 et
1054 2615 1258 2685 circumspecto
1280 2615 1386 2670 iudicio
1409 2616 1444 2669 de

228 2703 315 2758 tantis
336 2702 406 2756 viris
429 2704 672 2770 pronunciandum
691 2707 747 2772 est,
774 2718 809 2756 ne
827 2703 855 2756 in
873 2702 916 2755 his
935 2701 1047 2771 quidem
1073 2701 1185 2756 duobus
1207 2701 1361 2758 reiieienda
1379 2707 1445 2756 sunt

228 2789 362 2858 plurima:
392 2804 486 2857 pauca
503 2789 575 2842 enim
592 2790 621 2842 in
640 2789 680 2843 eis
699 2790 791 2858 possis
818 2803 953 2858 arguere,
980 2788 1110 2856 quamvis
1137 2787 1284 2842 historiam
1311 2790 1444 2844 ecelesia-

229 2877 328 2930 sticam
346 2890 484 2930 revocare
503 2875 541 2928 ad
560 2876 706 2929 severiora
723 2876 829 2929 iudicia
848 2876 1011 2930 contendas.
1047 2875 1125 2928 Haec
1144 2874 1191 2928 ille
1211 2915 1217 2928 .
1237 2916 1243 2929 .
1273 2874 1397 2944 Appello
1416 2879 1444 2930 te

228 2963 321 3017 virum
339 2962 488 3031 cruditum,
506 2961 553 3030 qui
572 2961 701 3016 feriendo
721 2961 863 3015 demulces
882 2965 910 3016 et
928 2960 1113 3015 demulcendo
1132 2960 1199 3014 feris
1221 2962 1263 3028 (ut
1281 2961 1390 3015 interim
1409 2963 1445 3016 de

229 3050 309 3103 Beda
331 3051 503 3118 taceamus),
531 3065 581 3102 cur
604 3065 659 3103 non
685 3049 781 3118 signas
804 3049 833 3102 in
858 3048 988 3118 Gregorii
1014 3047 1151 3116 dialogis,
1178 3047 1228 3101 illa
1253 3046 1327 3116 q'uae
1346 3049 1446 3103 scribis

229 3135 365 3189 miracula
386 3134 476 3204 'vulgo
503 3135 611 3190 iactata
634 3140 662 3190 et
681 3136 802 3206 credita3
832 3133 951 3188 nedum
974 3148 1068 3202 pauca
1091 3149 1164 3202 quae
1182 3138 1233 3188 tuo
1250 3135 1356 3190 iudicio
1381 3141 1446 3190 sunt

229 3221 388 3290 arguenda,
417 3237 474 3274 non
498 3236 621 3289 arguens
644 3221 692 3276 vel
714 3222 857 3290 reiiciens,
885 3221 1026 3289 integrum
1055 3221 1128 3288 opus
1154 3220 1211 3274 fide
1239 3222 1348 3276 minuas
1371 3223 1445 3278 etin

229 3307 418 3375 suspicionem
437 3307 584 3361 adducas?
620 3306 672 3371 Qui
692 3308 747 3361 sint
764 3306 923 3361 Aristarchi
942 3295 989 3375 qui
1008 3322 1042 3360 ea
1059 3306 1168 3360 incerta
1187 3308 1358 3378 existiment,
1380 3309 1446 3363 licet

229 3398 257 3447 te
271 3393 307 3447 ab
326 3393 381 3448 illis
401 3393 568 3448 suetrahere
586 3393 721 3463 videaris,
740 3411 803 3448 eum
821 3399 915 3448 tamen
933 3393 1031 3447 eadem
1050 3394 1140 3462 vulgo
1159 3394 1267 3448 iactata
1285 3411 1319 3449 ac
1338 3395 1447 3449 eredita

231 3479 320 3548 dicas,
338 3497 369 3534 re
387 3481 451 3548 ipsa
468 3484 497 3533 te
515 3480 670 3534 interillos
689 3481 868 3535 adnumeres.
898 3479 954 3534 Sed
973 3484 1038 3534 ante
1058 3479 1151 3532 omnia
1163 3483 1191 3534 te
1203 3480 1294 3548 ipsum
1313 3480 1351 3534 ad
1368 3485 1445 3534 tuam

229 3583 335 3620 revoco
359 3567 552 3636 scriptionem,
580 3568 646 3621 dum
667 3567 863 3636 praeceptoris
885 3567 928 3620 tui
952 3566 1087 3620 iudicium
1106 3566 1141 3619 de
1160 3570 1188 3619 te
1207 3567 1313 3620 editum
1335 3566 1376 3619 sie
1398 3567 1444 3622 de-

229 3652 329 3706 scribis
353 3653 381 3706 in
405 3653 565 3707 duodecimi
592 3653 657 3708 libri
677 3653 719 3707 tui
742 3652 936 3722 praefatione:
965 3653 1094 3706 Fratrem
1122 3653 1236 3722 (inquis)
1263 3653 1444 3707 Franciscum

228 3737 371 3809 Victoria,
398 3740 489 3793 lector·
516 3739 633 3810 optime,
664 3757 727 3795 eum
753 3756 836 3809 quem
863 3756 1000 3794 summum
1027 3739 1203 3809 Theologiae
1230 3732 1445 3809 praeceptorem

228 3824 366 3893 Hispania
384 3825 436 3881 Dei
462 3827 598 3895 singulari
623 3842 737 3881 munere
765 3827 876 3896 accepit
903 3825 1015 3882 solitum
1037 3827 1133 3882 dicere
1157 3827 1267 3898 audivi,
1294 3831 1445 3896 postquam

232 3909 269 3964 ab
284 3911 359 3966 illius
378 3911 476 3967 schola
495 3912 670 3982 discessisc
687 3913 801 3982 ingenio
819 3929 882 3967 meo
901 3915 1015 3982 quidem
1034 3914 1149 3984 egregie
1168 3914 1321 3968 delectari:
1347 3913 1398 3967 sed
1415 3912 1445 3966 id

228 3998 330 4067 vereri,
348 4015 383 4053 ne
396 3998 479 4053 huius
491 3998 659 4054 excellentia
672 3999 795 4067 quadam
808 3999 900 4054 elatus
913 4005 942 4055 et
954 4000 1093 4071 exultans,
1111 4001 1296 4055 immoderate
1308 4000 1446 4068 iactarem

229 4088 257 4137 ct
269 4084 406 4153 grandior
424 4085 551 4156 effeetus,
569 4102 626 4139 non
644 4085 719 4139 laete
731 4087 858 4140 modoet
870 4087 959 4142 libere
977 4087 1151 4157 ingrederer,
1169 4087 1220 4141 sed
1237 4091 1343 4140 temere
1360 4086 1445 4140 etiam

229 4185 263 4223 ae
282 4169 400 4223 licenter
421 4171 617 4240 praeceptoris
645 4171 768 4240 vestigia
792 4173 995 4230 conculcarem.
1032 4173 1110 4229 Haec
1126 4177 1158 4227 tu
1176 4173 1246 4241 ipse.
1281 4172 1321 4227 At
1337 4172 1444 4226 utinam

228 4257 312 4310 unius
329 4261 439 4310 tantum
463 4258 671 4328 praeceptoris,
698 4261 727 4312 et
745 4273 801 4311 non
819 4261 956 4315 maiorum
978 4260 1100 4314 omnium
1119 4260 1154 4313 de
1173 4259 1295 4329 dialogis
1314 4257 1444 4328 Gregorii

228 4343 362 4397 iudicium
382 4345 613 4414 contempsisses,
641 4361 733 4414 neque
751 4349 794 4400 tot
812 4346 1066 4416 adstipulatoribus
1084 4350 1162 4400 tuam
1180 4346 1364 4415 praetulisses
1383 4361 1444 4400 sen·

228 4431 353 4485 tentiam.
389 4431 521 4484 Provoco
544 4435 573 4485 te
597 4431 635 4484 ad
660 4431 761 4485 Patres
788 4435 853 4486 tuos
877 4434 1069 4488 sanctissimos
1088 4450 1122 4488 ac
1140 4433 1344 4488 eruditissimos
1364 4433 1444 4487 viros

228 4516 427 4587 Hispaniarum
447 4517 593 4594 doctores,
616 4517 769 4587 Isidorum,
796 4517 823 4572 S.
842 4518 1015 4574 ildefonsum
1033 4522 1150 4590 eiusque
1169 4535 1360 4575 successorem
1379 4523 1445 4588 post

229 4602 379 4671 Quiricum,
398 4605 425 4659 S.
439 4603 592 4674 Julianum,
611 4603 658 4672 qui
672 4603 760 4658 libres
778 4606 981 4674 prognosticon
1000 4607 1121 4676 scripsit.
1158 4607 1298 4672 Quantum
1316 4606 1444 4660 Isidorus

230 4689 360 4760 Gregorii
385 4690 492 4760 scripta
514 4690 608 4745 omnia
634 4690 746 4759 plurimi
769 4690 880 4761 fecerit,
907 4691 997 4760 ipsum
1017 4694 1133 4748 consule
1151 4693 1198 4748 lib.
1218 4694 1253 4748 de
1271 4693 1323 4746 vir.
1342 4693 1443 4746 illustr.

230 4791 253 4830 c.
272 4776 314 4832 40.
333 4776 382 4832 ubi
400 4782 467 4848 post
484 4777 619 4834 immensa
636 4777 806 4850 praeconia,
823 4777 894 4836 haec
912 4779 1027 4838 tandem
1044 4779 1073 4837 in
1091 4780 1158 4839 fine:
1187 4781 1268 4838 Felix
1285 4779 1397 4849 (inquit)
1415 4782 1445 4832 et
