3350 5484
852 402 894 464 69

265 553 345 619 Jesu
366 553 398 618 in
422 552 518 620 corde
541 553 574 620 S.
598 553 715 638 Ignatii
742 557 868 639 reperto
891 551 1066 638 tradidere,
1098 572 1168 618 curn
1192 557 1224 618 et
1248 552 1352 621 eidem
1376 576 1479 622 asser-

265 655 344 723 tioni
366 655 433 722 alia
453 657 545 743 plura
568 658 710 740 obstent,
732 653 793 722 boe
814 654 846 719 in
871 675 911 721 ea
933 676 997 740 qna
1018 661 1174 722 assertum
1198 661 1248 722 est
1269 656 1347 743 lide,
1378 679 1479 744 penes

266 780 341 826 suos
364 766 510 827 auctores
534 760 672 828 scientes
694 759 901 843 volentesque
924 759 1102 844 relinquere
1124 763 1175 826 sat
1195 758 1302 826 habet.

371 872 407 958 b)
431 873 562 938 Miratur
593 873 698 956 Soria,
733 891 788 938 our
813 871 969 938 Beronius
996 871 1039 938 ad
1068 872 1152 939 diem
1182 875 1232 938 17.
1255 873 1479 959 Decembrisr)

267 999 330 1043 non
352 978 532 1044 meminerit
562 977 741 1044 traditionis
764 977 805 1042 ab
827 975 1007 1062 Epiphanio
1034 974 1205 1060 indicatae,
1240 974 1397 1042 Lazarum
1420 978 1479 1043 sci-

266 1082 341 1148 licet
371 1082 536 1166 trigesimo
567 1082 683 1147 aetatis
714 1085 798 1146 ando
830 1079 872 1146 ad
903 1079 1001 1144 vitam
1034 1077 1152 1144 Christi
1182 1077 1312 1143 Domini
1345 1078 1479 1166 imperio

267 1192 458 1268 revocatum,
481 1206 601 1268 perque
623 1184 709 1252 idem
732 1183 869 1270 spatium
892 1182 1119 1269 supervixisse,
1142 1186 1176 1246 ut
1198 1180 1363 1247 veritatem
1387 1183 1479 1248 mira-

267 1289 344 1374 ouli,
376 1289 443 1355 vita
465 1295 552 1356 tanto
580 1295 723 1374 tompore
755 1292 933 1372 superstes,
967 1286 1197 1372 comprobaret.
1240 1285 1283 1350 At
1305 1286 1424 1351 nemini
1446 1287 1479 1351 id

250 1393 379 1460 'mirum
402 1389 504 1458 videri
527 1397 641 1476 potest,
664 1393 718 1475 qui
741 1391 881 1458 criticum
904 1391 992 1458 novit
1014 1409 1147 1456 acumen
1170 1409 1210 1454 ae
1225 1389 1478 1476 circumspicien-

266 1497 343 1562 tiam
366 1493 495 1561 Baronii
524 1493 584 1560 sub
607 1493 699 1562 linem
722 1516 849 1562 suarum
873 1494 915 1560 ad
939 1495 1062 1562 Suriam
1090 1492 1265 1559 litterarum
1292 1493 1478 1576 inquientis:

268 1598 327 1685 „In
350 1619 456 1666 messe
478 1597 613 1665 feliciter
635 1599 702 1684 agi,
736 1599 764 1666 si
786 1599 920 1666 messori
953 1598 1118 1681 contingat
1148 1617 1326 1684 perpaucas
1356 1603 1479 1666 tantum

267 1701 461 1786 easdemque
483 1708 652 1788 pertenues
675 1703 854 1786 relinquere
876 1708 949 1789 post
971 1723 1007 1768 se
1030 1701 1151 1786 spicas,
1183 1699 1242 1766 sed
1265 1699 1387 1768 felicius
1411 1705 1479 1786 qui-

267 1805 353 1890 dem,
389 1806 416 1872 si
439 1805 603 1890 alligando
634 1807 828 1892 manipulos,
862 1807 988 1873 steriles
1018 1825 1139 1872 avenas
1170 1805 1223 1870 vel
1254 1804 1377 1871 zizania
1407 1805 1479 1892 ipse

265 1910 375 1996 procul
407 1909 592 1977 excusserit.
637 1911 787 1977 Abundat
808 1915 949 1979 nostrum
973 1909 1134 1977 saeculum
1158 1907 1351 1975 Aristarchis
1382 1917 1478 1995 atque

265 2013 495 2100 Pyrrhonibus,
529 2015 674 2097 quicum
703 2015 786 2106 inter
811 2013 981 2100 legendum
1014 2011 1178 2079 offendant
1209 2011 1379 2099 quodpiam
1402 2036 1478 2102 apo-

267 2116 433 2203 cryphum,
457 2139 531 2184 mox
553 2117 632 2184 illud
654 2119 837 2186 inclament.
882 2119 986 2184 Homo
1009 2118 1069 2184 iste
1092 2114 1250 2182 delectum
1272 2135 1335 2183 non
1358 2117 1478 2207 babuit,

266 2221 326 2288 boe
356 2241 451 2287 unum
479 2221 525 2286 illi
553 2222 703 2308 studium,
737 2229 772 2289 ut
793 2223 872 2289 nibil
898 2218 1040 2304 omnino,
1072 2225 1185 2285 cuncta
1216 2221 1478 2310 consarcinando,

266 2326 475 2410 relinqueret:
512 2346 635 2410 sagena
657 2347 733 2394 vere
755 2326 836 2394 baec
856 2327 913 2392 illa
935 2331 996 2408 est,
1032 2344 1072 2390 ex
1094 2327 1180 2389 omni
1203 2344 1322 2407 genere
1344 2326 1479 2411 piscium

266 2449 481 2513 congregans:
503 2429 689 2515 prudentius
712 2431 842 2515 egisset,
866 2430 893 2495 si
910 2426 1110 2495 consedisset
1131 2427 1164 2492 in
1186 2427 1300 2512 littore,
1324 2435 1356 2495 et
1377 2431 1478 2498 bonos

266 2538 388 2598 tanturn
416 2533 522 2618 pisces
544 2534 578 2601 in
600 2555 691 2619 vasa,
724 2535 833 2602 eiectis
860 2532 1005 2616 reliquis,
1036 2530 1206 2615 posuisset.
1251 2531 1367 2599 Audivi
1388 2533 1478 2620 baec,

267 2643 298 2702 et
320 2636 361 2702 ab
385 2636 516 2702 eruditis
549 2636 676 2720 quidem
707 2639 785 2705 viris
813 2638 854 2704 de
885 2635 972 2720 aliis,
1011 2633 1170 2720 didicique
1201 2635 1307 2703 alieno
1337 2641 1478 2724 periculo

266 2746 377 2806 cautus
400 2760 483 2808 esse.
522 2741 557 2806 Si
580 2740 650 2824 quis
673 2741 767 2808 aliter
789 2741 886 2808 sentit
907 2739 959 2806 vel
982 2736 1066 2824 facit,
1090 2761 1153 2805 non
1175 2739 1313 2825 invideo,
1337 2742 1480 2812 abundet

264 2843 481 2928 unusquisqne
503 2846 537 2910 in
559 2865 657 2911 sensu
679 2845 767 2912 suo.“

370 2957 403 3043 o)
427 2957 559 3036 Quaerit
580 2959 682 3040 Soria,
705 2959 859 3044 probatae
880 2977 922 3023 ne
944 2956 986 3023 sit
1008 2953 1204 3021 auctoritatis
1228 2962 1261 3022 et
1282 2956 1368 3042 fidei,
1393 2962 1478 3044 quod

265 3061 409 3127 Jacobns
431 3061 529 3128 frater
549 3061 693 3146 Domini,
722 3061 810 3129 ouius
832 3062 865 3127 in
888 3059 1116 3145 Martyrologio
1140 3051 1291 3126 Calendis
1314 3061 1422 3150 Maru)
1445 3064 1480 3130 fit

266 3165 394 3250 mentio,
419 3164 551 3232 claudus
573 3167 637 3231 iam
660 3165 735 3232 inde
758 3153 901 3238 redditus
925 3163 1028 3248 inerit,
1051 3183 1091 3229 ex
1107 3183 1169 3246 quo
1185 3162 1301 3231 Saulus
1324 3165 1478 3234 Jacobum

266 3268 396 3336 adortus
418 3269 451 3335 in
474 3269 607 3356 templo,
645 3291 663 3336 e
685 3270 817 3337 summis
848 3268 959 3336 altaris
991 3265 1143 3351 gradibus
1176 3267 1351 3335 deturbarit
1374 3278 1406 3337 et
1428 3294 1479 3338 ao-

267 3380 358 3459 oepto
384 3373 417 3438 in
444 3373 582 3457 reliquos
613 3372 787 3458 discipulos
818 3393 955 3441 accenso
981 3373 1070 3454 ligno
1102 3377 1216 3439 cuncta
1237 3373 1368 3441 vocibus
1395 3397 1479 3442 com-

266 3475 413 3561 pleverit,
450 3478 599 3562 propriae
632 3480 738 3562 gentis
772 3484 943 3560 sectaeque
977 3474 1121 3540 homines
1153 3475 1195 3539 ad
1226 3475 1308 3543 laesi
1339 3481 1478 3546 numinis

265 3579 437 3646 vindictam
461 3581 657 3650 adhortatus.
695 3573 857 3666 Allegat⁷)
880 3577 1147 3646 Pseudo-Abdiae
1168 3586 1201 3644 et
1215 3581 1479 3664 Reoognitionum

266 3679 539 3751 Clementinarum
561 3685 740 3752 volumina:
770 3705 831 3752 neo
852 3682 938 3750 istud
959 3682 1022 3769 ipsi
1044 3682 1182 3750 alienum
1206 3682 1332 3750 videtur
1353 3686 1395 3751 ab
1417 3685 1478 3770 his,

267 3806 349 3869 quae
376 3787 479 3876 Lucas
508 3788 549 3854 de
575 3790 689 3874 Paulo,
723 3790 841 3856 Paulus
865 3789 987 3856 desua
1014 3807 1092 3869 erga
1124 3807 1325 3872 synagogam
1352 3787 1416 3855 fide
1444 3792 1477 3856 in

174 3923 175 3928 κ
266 3891 366 3956 sacris
399 3891 512 3958 litteris
545 3893 754 3959 tradiderunt.
799 3891 955 3959 Baronius
989 3911 1064 3959 vero
1099 3899 1310 3958 commentum
1343 3893 1384 3959 de
1416 3915 1479 3978 quo

267 3995 440 4080 quaeritur,
463 3997 597 4082 replicat
619 4018 659 4064 ex
682 3998 876 4064 somniorum
899 3994 1034 4062 officinis
1057 3994 1176 4061 editum
1200 4016 1288 4080 esse,
1322 4020 1342 4064 a
1365 3999 1479 4082 quibus

266 4119 377 4166 omnes
405 4099 541 4166 maiores
565 4100 618 4184 qui
641 4099 682 4168 de
704 4101 827 4168 Jacobo
854 4100 997 4186 pluribus
1027 4099 1152 4183 egerint
1175 4106 1207 4165 et
1229 4121 1361 4184 quorum
1384 4104 1479 4170 vesti-

266 4201 328 4285 giis
351 4201 394 4268 sit
413 4202 640 4290 insistendum,
663 4211 788 4273 constat
809 4203 1013 4272 abstinuisse.

376 4479 391 4550 ¹)
410 4478 526 4534 Caesari
550 4472 685 4536 Bononio
708 4481 835 4537 loannes
859 4477 950 4538 Sorte
971 4480 1035 4536 Soc.
1058 4480 1129 4536 Jesu
1152 4480 1296 4536 Granatae
1314 4481 1406 4537 XVII.
1425 4485 1480 4538 De-

267 4565 370 4622 eambr.
390 4565 457 4620 1591
481 4561 616 4629 (Albanio.
635 4567 658 4637 I,
675 4568 727 4622 243
747 4570 807 4636 sq).
827 4599 860 4606 -
886 4566 984 4621 Eidem
1008 4567 1094 4622 Idem.
1117 4567 1141 4620 Ε
1160 4567 1330 4624 Granatensi
1351 4567 1479 4638 Collegio

266 4652 344 4707 XVI.
363 4651 529 4708 Decembris
548 4652 615 4707 1592
632 4653 661 4720 ql.
680 4670 703 4708 c.
722 4671 749 4723 p.
768 4655 820 4708 329
838 4655 898 4722 sq).

373 4737 513 4807 ⁷)Joanni
532 4734 639 4794 Serica
656 4738 720 4794 Soc.
739 4739 810 4794 Jesu
822 4739 929 4794 Caesar
939 4737 1102 4795 Batonius.
1129 4742 1238 4796 Romae
1256 4740 1354 4795 Idibus
1372 4741 1480 4796 Martiis

267 4841 293 4880 a.
311 4825 346 4880 D.
366 4825 441 4880 1592.
478 4821 613 4894 (Albesia.
632 4826 654 4896 I,
672 4825 724 4881 254
743 4827 794 4896 sq.)
