3350 5484
807 323 848 388 81

219 487 251 548 ct
272 478 409 565 plurima
434 498 542 545 earum
574 475 886 573 corporacoloniae
915 473 1043 542 condita
1069 471 1245 560 fuerunt“),
1281 469 1433 557 quemad-

219 583 348 662 modum
379 589 560 649 sanctarum
591 580 727 648 Ursulae
759 587 790 647 et
821 580 977 648 sociarum
1010 577 1169 660 virginum
1200 575 1364 644 historiam
1388 577 1435 642 di·

219 687 400 760 versimode
427 707 447 752 a
473 684 609 751 diversis
641 685 823 752 auctoribus
856 683 1006 769 scriptam
1038 687 1208 768 monstrat,
1243 682 1288 747 ita
1318 681 1351 746 in
1385 681 1434 748 his

220 791 377 858 accidisse
400 797 522 873 monet,
557 795 591 854 ut
613 787 781 874 deperdita
802 809 879 856 vera
901 805 1118 872 germanaque
1145 805 1252 852 earum
1276 783 1434 869 virginum

219 895 365 980 historia,
399 893 543 977 quisquis
567 894 617 978 (ut
638 893 743 978 libuit)
766 893 835 960 sive
857 912 940 977 quae
962 911 1020 958 suo
1042 891 1173 974 ingenio
1205 896 1435 956 commentatus

219 998 326 1082 fuerit,
362 991 431 1064 eive
454 1018 536 1081 qnae
558 997 600 1062 ab
623 997 695 1062 aliis
722 996 786 1062 levi
820 995 957 1080 quodam
989 993 1077 1079 vulgi
1109 1013 1235 1060 rumore
1267 994 1435 1090 acceperit,

220 1103 396 1189 scripturae
429 1101 642 1168 monumentis
674 1099 917 1184 commendarit,
955 1119 1019 1165 uon
1047 1099 1116 1165 sine
1144 1119 1262 1182 magno
1293 1098 1436 1163 veritatis

222 1207 427 1291 detrimento,
466 1225 562 1288 quum
603 1205 828 1288 gravissimam
865 1203 1030 1271 historiam
1068 1201 1316 1269 commentitiam
1354 1222 1437 1287 pene

220 1309 459 1396 reddiderintl)
505 1312 662 1376 Baronius
695 1309 824 1394 quidem
857 1316 1068 1395 posteaquam
1099 1307 1130 1372 in
1163 1305 1256 1372 huius
1283 1307 1330 1372 rei
1357 1306 1437 1372 veri-

221 1420 286 1480 tate
317 1413 542 1499 investiganda
573 1413 741 1500 plurimum
775 1415 895 1480 laboris
922 1412 1106 1498 insumpsit,
1142 1411 1285 1478 codicem
1307 1410 1437 1477 tandem

222 1516 410 1584 Vaticanum
439 1519 562 1584 invenit
592 1524 808 1604 pervetustum
830 1535 962 1583 numero
985 1518 1048 1583 944
1071 1516 1260 1598 insignitum.
1281 1517 1313 1581 in
1336 1535 1438 1598 eoque

224 1629 393 1689 tractatum
418 1622 458 1688 de
481 1622 576 1688 rebus
599 1621 790 1688 Britannicis
820 1620 1005 1706 inscriptum
1037 1625 1165 1686 auctore
1188 1619 1341 1686 Gaufrido
1374 1618 1438 1706 epi-

228 1747 325 1812 scopo
348 1725 545 1812 Asapheusi,
580 1725 633 1809 qui
656 1723 697 1790 dc
719 1724 859 1791 Maximo
887 1724 1032 1791 Gratiani
1063 1723 1259 1809 temporibus
1290 1724 1438 1790 invasore

224 1830 354 1916 Imperii
385 1851 501 1916 agens,
539 1829 580 1897 de
610 1830 728 1896 Ursula
759 1850 886 1914 quoque
916 1830 1046 1896 brevem
1077 1828 1241 1895 contexuit
1274 1828 1439 1895 historiam

223 1935 359 2003 caeteris
380 1933 541 2018 figmentis
556 1935 597 2001 ab
613 1934 699 2000 omni
721 1935 818 2001 etiam
838 1933 1003 2000 verisimili
1025 1932 1150 2000 ratione
1172 1932 1302 2000 remotis
1324 1932 1440 2018 proba·

223 2040 382 2124 biliorcm,
417 2059 499 2122 quac
522 2038 569 2106 sic
592 2037 773 2106 exorditur:
812 2037 912 2125 ,Cum
934 2036 1092 2104 Maximus
1124 2038 1288 2123 proximas
1316 2037 1440 2104 Gallias

224 2143 397 2232 invasisset
418 2162 457 2210 ac
479 2143 600 2210 vicinos
623 2143 804 2210 Armorioos
828 2141 958 2210 sedibus
986 2140 1176 2228 expulisset,
1210 2161 1344 2208 vacuam
1367 2161 1438 2227 pro-

225 2246 382 2315 vinciam“
401 2253 460 2315 etc.
494 2248 601 2315 Verba
623 2247 721 2331 igitur
736 2267 777 2314 ex
792 2247 947 2314 (lanfrido
970 2246 1133 2330 descripta
1155 2245 1311 2312 Baronius
1334 2243 1442 2310 reddit

225 2353 351 2436 integra
374 2371 434 2417 nco
456 2349 559 2417 solum
583 2357 740 2435 quatenus
763 2351 889 2417 veritati
912 2351 1123 2433 consentiant,
1148 2370 1189 2415 ex
1212 2349 1247 2443 S.¹
1261 2349 1441 2434 Ambrosio,

226 2454 378 2522 Salviano
400 2455 604 2540 Massiliensi,
630 2455 798 2538 Sigeberto
822 2474 933 2522 eruere
956 2462 1097 2538 armatur,
1120 2454 1294 2521 sedetiam
1318 2454 1443 2520 erudita

230 2559 368 2626 Lindani
399 2559 440 2627 de
471 2561 542 2628 loco
573 2559 718 2644 martyrii
751 2559 784 2625 S.
816 2559 954 2626 Ursnlae
992 2558 1234 2645 coniectanca³)
1263 2555 1441 2641 subiungit.

228 2663 434 2730 Oolvonerius
468 2669 573 2729 autem
607 2663 640 2729 in
672 2682 731 2729 sua
765 2662 902 2750 epistola
936 2663 977 2732 de
1010 2662 1153 2731 Thomas
1188 2662 1442 2750 Oantipratani⁴)

227 2767 449 2835 miraculorum
481 2774 513 2833 et
544 2767 761 2853 exemplorum
794 2767 1048 2833 memorabilium
1084 2767 1173 2834 libris
1182 2768 1209 2854 ⁶)
1237 2789 1258 2832 a
1284 2787 1319 2833 se
1348 2766 1442 2833 editis

226 2873 361 2956 loquens
393 2871 531 2946 Baronio
562 2871 739 2952 renuntiat,
773 2869 917 2938 eiusdem
940 2871 981 2937 de
1005 2871 1198 2946 S.‚Ursulae
1221 2879 1253 2937 et
1275 2870 1441 2938 Sociorum

227 2975 361 3043 historia
394 2975 573 3042 sententiae
607 2982 708 3042 semet
743 2975 777 3040 in
813 2975 896 3041 notis
930 2975 1074 3042 Thomae
1111 2974 1245 3041 adiectis
1282 2974 1444 3042 indicasse

231 3079 502 3148 confirmationem
537 3099 577 3144 ex
612 3078 775 3146 additione
816 3078 1000 3146 Coloniensi
1035 3079 1077 3146 ad
1109 3078 1249 3147 Usuardi
1290 3080 1444 3166 Martyro-

229 3184 362 3269 logium,
397 3203 457 3249 neo
481 3183 573 3269 parvi
596 3181 776 3250 faciendum
800 3182 947 3268 opinatur
969 3189 1188 3268 argumentum
1214 3204 1254 3250 ex
1277 3185 1440 3271 scriptore,

229 3288 283 3372 qui
306 3287 395 3371 degit
412 3287 445 3352 in
458 3287 530 3354 loco
546 3287 719 3371 reigestae
735 3287 788 3353 vel
808 3286 861 3353 ubi
883 3275 1042 3354 celebrior
1060 3287 1128 3354 eius
1151 3294 1257 3356 exstat
1278 3289 1442 3357 memoria.

230 3392 330 3460 Secus
363 3411 439 3457 vero
474 3412 512 3458 ac
546 3391 701 3458 Baronius
733 3390 774 3458 de
807 3389 888 3457 Vitis
924 3393 1054 3458 Patrum
1091 3393 1188 3460 sentit
1226 3392 1444 3459 Oolvenerius.
1488 3417 1494 3428 ¹

229 3493 449 3579 Martyrologii
471 3496 514 3580 (a.
538 3494 569 3560 d.
596 3499 646 3563 lu.
669 3495 818 3581 Januar.)
841 3503 1088 3581 commentator,
1112 3499 1165 3580 qui
1188 3496 1314 3582 ipsein
1338 3496 1444 3561 animo

229 3597 340 3665 habuit
364 3597 486 3664 scholia
508 3600 750 3685 pernecessaria
772 3601 805 3664 in
829 3599 924 3666 Vitas
947 3601 1075 3666 Patrum
1099 3601 1274 3686 elaborare,
1299 3600 1339 3665 ab
1362 3599 1444 3665 Eva·

230 3702 300 3786 gri'o
328 3703 530 3788 presbytero,
564 3703 658 3769 Vitae
686 3702 720 3769 S.
743 3703 874 3770 Antonii
900 3705 941 3770 ab
969 3703 1144 3770 Athanasio
1177 3705 1315 3790 scriptae
1346 3703 1446 3769 latino

229 3805 445 3892 interpretat)
479 3806 652 3888 Evagrium
685 3805 837 3873 discernit
862 3807 1029 3874 Ponticum
1052 3808 1314 3894 Origenistam,⁷)
1350 3828 1444 3892 quem

155 3907 187 3960 ‘·
231 3909 400 3996 scripsisse
433 3909 549 3976 asserit
581 3909 670 3975 Vitas
701 3911 832 3977 Patrum
863 3918 896 3978 et
926 3912 1094 3979 miscuisse
1132 3912 1333 3996 Origcnistas
1366 3933 1442 3978 non-

230 4013 334 4080 nullos
361 4013 403 4080 ab
430 4014 624 4100 Hieronymo
652 4013 684 4080 in
712 4014 850 4099 epistola
880 4015 923 4081 ad
949 4015 1189 4101 Ctesiphontem
1220 4021 1358 4082 notatos.
1404 4018 1446 4082 At

232 4115 453 4201 colvenerius,
488 4117 537 4183 cui
561 4123 647 4184 corto
675 4123 801 4184 constat
830 4125 992 4185 auctorem
1021 4122 1127 4207 operis
1150 4118 1191 4185 dc
1214 4120 1295 4185 Vitis
1319 4121 1447 4186 Patrum

233 4240 306 4288 esse
337 4218 483 4286 Rufinum
515 4219 769 4308 Aquileiensem,
808 4221 842 4287 id
873 4222 985 4290 solidis
1017 4222 1196 4290 confirmari
1226 4245 1323 4309 posse
1355 4246 1448 4310 argn-

232 4325 347 4394 mentis
374 4345 415 4392 ex
442 4325 580 4411 epistola
611 4326 896 4413 Hieronymianass)
929 4347 1024 4410 quam
1057 4329 1133 4394 citat
1154 4327 1311 4393 Batonius
1340 4329 1448 4414 petitis

171 4415 176 4426 ’
232 4429 344 4497 innuit.
388 4429 456 4496 Nec
488 4430 645 4496 immerito
676 4429 819 4496 Historia
840 4430 1076 4516 ,monachorum
1110 4451 1168 4498 seu
1199 4431 1281 4497 liber
1303 4431 1344 4498 dc
1365 4433 1448 4500 Vitis

232 4533 396 4619 Patruml)
418 4532 501 4598 inter
522 4553 622 4618 opera
644 4533 748 4599 Rufini
774 4533 966 4618 primigenia
997 4541 1189 4602 numeratur.
1234 4537 1316 4603 Nam
1339 4536 1448 4622 verba,

153 4693 159 4708 .
234 4636 347 4720 quibus
370 4635 496 4703 videtur
518 4635 674 4703 Baronius
698 4654 771 4703 esse
794 4633 962 4722 deeeptus,
985 4638 1172 4725 Hieronymi
1195 4638 1342 4725 haec:¹⁰)
1366 4637 1450 4724 ,Qui

233 4739 347 4806 librum
382 4758 507 4824 quoque
542 4739 683 4826 scripsit,
722 4740 814 4823 quasi
847 4739 887 4810 de
918 4741 1103 4810 Monaohis:
1140 4743 1319 4826 multosque
1349 4742 1382 4808 in
1411 4763 1449 4809 eo

1279 4847 1296 4900 6
