3350 5484
703 391 875 465 ’71

253 549 415 618 destructa
451 553 645 638 idololatria,
691 553 954 620 christianitatem
995 553 1171 619 fundavere
1208 558 1240 618 et
1277 551 1465 635 religionem

254 654 452 742 plantavere,
487 658 630 724 ordinem
653 663 686 724 et
708 657 844 722 officium
869 658 901 724 in
925 656 1042 722 divinis
1075 657 1209 722 cultibus
1243 653 1412 722 ostendere
1436 660 1467 719 et

175 839 178 843 Ι
254 759 411 843 sanguiue
443 781 501 828 suo
533 763 686 828 ecclesias
718 761 909 830 dedicavere
932 769 992 829 eto.
1037 760 1138 844 Igitur
1166 757 1339 844 Gregorius
1372 759 1466 824 simul

252 863 359 948 prodit
380 861 535 932 indirecte
556 866 669 932 saltem
692 865 859 932 Ecclesiae
879 868 1043 931 Romanae
1065 865 1226 948 liturgiam
1248 885 1268 928 a
1291 861 1349 928 ss
1373 863 1466 927 Petro

254 987 293 1032 ae
313 968 413 1034 Paulo
436 971 592 1052 originem
615 969 755 1053 trahere3
790 970 832 1036 ad
855 970 1088 1052 Gregorianum
1115 975 1222 1033 autem
1248 967 1367 1032 dictum
1390 965 1467 1031 alia-

254 1073 529 1153 que'testimonia
559 1074 734 1159 respiciens
767 1073 871 1158 Suria,
911 1094 1003 1156 quem
1036 1094 1096 1140 nec
1126 1092 1205 1157 opus
1238 1072 1377 1155 spurium
1408 1069 1467 1134 suh

254 1174 364 1244 titulo:
404 1177 543 1259 „Divina
564 1177 710 1260 Liturgia
731 1178 771 1244 sss
789 1179 935 1263 Apostoli
957 1179 1062 1243 Petri“
1088 1198 1117 1242 a.
1143 1179 1226 1244 1589
1251 1173 1367 1260 publici
1390 1173 1466 1238 iuris

185 1338 187 1342 Α
256 1279 372 1345 iactum
405 1281 527 1364 fugisse
559 1281 698 1365 videtur,
732 1281 774 1347 de
802 1283 1003 1366 quaestione,
1038 1301 1078 1346 au
1101 1280 1137 1346 B.
1161 1279 1273 1345 Petrus
1305 1279 1467 1342 Romanae

254 1383 419 1452 Ecclesiae
452 1386 612 1469 liturgiam
646 1385 818 1450 instituerit
851 1389 883 1452 et
913 1407 953 1450 an
991 1404 1030 1450 ca
1061 1383 1188 1467 quidem
1223 1401 1339 1466 graece
1372 1378 1468 1445 modo

256 1493 369 1572 exstet,
393 1507 547 1576 perquam
571 1488 664 1554 docte
688 1490 728 1575 (s.
752 1511 783 1554 n.
807 1490 865 1574 Vl)
889 1489 1076 1574 disputati)

355 1592 450 1656 Haud
471 1600 591 1660 temere
614 1597 796 1678 suspectum
820 1593 916 1658 habet
940 1592 1033 1658 soria
1055 1593 1159 1657 locum
1182 1590 1214 1654 in
1237 1585 1466 1672 Martyrologio

254 1696 396 1761 Romano
424 1696 455 1762 d.
484 1701 535 1763 21.
559 1696 647 1762 Junii
678 1697 817 1762 huncce:
857 1696 985 1779 „sancti
1018 1694 1147 1760 Eusebii
1180 1692 1325 1777 episcopi
1356 1691 1466 1756 samo-

255 1799 371 1882 sateni,
410 1799 463 1888 qui
493 1805 636 1884 ternpore
667 1800 846 1866 Constantii
879 1801 1085 1885 Imperatoris
1119 1797 1230 1864 Ariani
1263 1797 1322 1862 sub
1355 1793 1467 1861 habitu

255 1903 382 1970 militari
414 1905 593 1986 incognitus
625 1904 780 1970 ecclesias
813 1904 874 1968 Dei
907 1904 1072 1988 visitabat,
1108 1908 1142 1968 ut
1163 1901 1196 1966 in
1217 1899 1281 1966 fide
1310 1899 1467 1976 catholica

253 2005 326 2072 illas
361 2007 578 2075 confirmaret:
616 2006 734 2073 deinde
767 2009 825 2073 sub
858 2008 993 2074 Valente
1023 2007 1056 2072 in
1088 2005 1257 2072 Thraciam
1290 2003 1465 2086 relegatur:

254 2109 312 2176 scd
334 2109 460 2177 reddita
481 2129 562 2196 paee
573 2110 738 2206 Ecclesiae
760 2117 902 2196 tempore
924 2110 1098 2176 Theodosii
1113 2111 1154 2176 ab
1170 2108 1266 2174 exilio
1287 2111 1465 2191 revocatus,

255 2234 324 2280 curn
348 2212 459 2280 iterum
485 2214 638 2280 ecclesias
661 2217 814 2297 visitaret,
838 2214 948 2296 tegula
969 2215 1010 2280 ab
1032 2213 1152 2279 Ariana
1174 2212 1306 2278 muliere
1329 2210 1467 2295 desuper

252 2318 415 2404 immissa,
445 2318 605 2383 confracto
637 2317 741 2402 capite
772 2323 892 2402 martyr
919 2317 1048 2383 tandem
1080 2315 1257 2382 cccrrbuit.“
1303 2314 1342 2380 Iu
1363 2313 1465 2379 vindi-

254 2417 356 2488 can'do
379 2427 467 2488 textu
490 2422 531 2488 de
552 2422 670 2506 insigni
692 2423 841 2506 Martyre,
866 2422 920 2505 qui
934 2423 967 2486 in
982 2420 1242 2506 Martyrologium
1266 2417 1359 2502 quasi
1377 2423 1466 2507 post-

253 2527 375 2592 liminio
406 2525 512 2610 rediit,
549 2525 705 2592 Baronius
737 2526 907 2592 nonnullos
941 2531 1049 2590 monet
1081 2523 1261 2590 nescientes
1292 2522 1465 2587 Eusebium

254 2631 438 2715 episcopum
471 2631 746 2713 Samosatensem,
781 2629 822 2694 de
847 2649 909 2713 quo
931 2631 951 2696 1.
976 2651 1003 2696 c.
1027 2628 1145 2712 agitur,
1180 2647 1347 2712 perperam
1374 2625 1465 2691 addi-

132 2801 142 2812 ,
255 2732 342 2800 disse
374 2754 489 2799 nomeu
522 2731 707 2800 Caesareae
738 2733 957 2818 Palaestinae,
994 2733 1076 2800 falso
1106 2738 1255 2818 putantes
1283 2729 1324 2795 de
1351 2729 1406 2795 illo
1433 2728 1465 2794 d.

254 2842 305 2904 21.
328 2839 401 2906 Jun.
426 2838 522 2924 agi.³)
567 2839 608 2902 Hi
632 2837 760 2920 quidem
783 2839 865 2904 sieut
886 2837 1057 2903 Eusebium
1088 2835 1346 2902 samosatensem
1375 2833 1465 2916 igno-

250 2949 359 3010 rarunt
383 2949 415 3007 et
437 2963 553 3008 nomen
577 2939 805 3008 Samosateuse
829 2943 870 3006 ob
892 2941 1025 3006 Paulum
1049 2937 1304 3005 haeresiarcham
1327 2937 1465 3002 fortasse

251 3046 492 3128 exhorruerunt,
524 3047 570 3111 ita
593 3046 688 3112 etiam
711 3065 822 3130 parurn
845 3051 1031 3131 perspectas
1061 3043 1239 3110 habuerunt
1260 3061 1312 3106 res
1336 3037 1465 3105 Eusebii

127 3221 131 3232 ¹
251 3149 470 3220 Caesariensis
502 3173 522 3215 a
554 3150 587 3215 S.
619 3151 813 3234 Hieronymo
851 3148 1004 3234 appellati
1035 3149 1224 3214 Arianorum
1261 3144 1465 3228 antesignani

251 3260 283 3318 et
316 3274 372 3337 per
405 3253 570 3339 synodum
607 3253 782 3320 secundam
821 3253 993 3317 Nicaenam
1026 3252 1067 3317 ab
1099 3251 1184 3317 omni
1218 3247 1464 3318 orthodoxorum

250 3357 354 3424 classe
378 3360 529 3443 separati.
569 3358 695 3424 Deinde
717 3355 828 3422 laudat
852 3357 1007 3423 Batonius
1030 3355 1201 3438 Menologii
1218 3355 1259 3421 de
1276 3354 1308 3420 s.
1325 3351 1464 3420 Eusebio
1538 3392 1539 3396 =

129 3507 132 3512 Α
252 3461 473 3528 samosatensi
504 3463 603 3527 verba
636 3485 656 3529 a
686 3460 905 3546 Martyrologii
941 3459 1076 3524 Romani
1112 3459 1371 3525 reformatoribus
1405 3455 1463 3520 sub

251 3566 407 3649 Gregorio
430 3567 518 3632 XllI.
547 3568 580 3631 iu
602 3564 824 3651 compendium
857 3564 1001 3650 redacta,
1035 3583 1117 3645 quae
1149 3564 1256 3628 omnia
1278 3583 1299 3626 a
1321 3558 1463 3646 probatis

251 3670 382 3736 Graecis
414 3671 598 3736 auctoribus
630 3670 692 3736 sibi
719 3667 883 3735 vindicant
917 3667 1142 3734 testimonium.
1187 3661 1334 3752 Inprimis
1357 3669 1464 3729 autem

250 3779 342 3858 urget
372 3773 570 3860 praeclarum
598 3773 640 3838 de
668 3774 880 3840 samosateno
912 3773 1052 3858 Martyre
1085 3771 1222 3854 elogium
1254 3770 1287 3834 s.
1316 3766 1464 3849 Gregorii

249 3878 460 3964 Nazianzeni,
495 3877 584 3944 cuius
611 3877 654 3943 ad
676 3876 812 3943 eundern
844 3881 991 3960 quattuor
1022 3875 1154 3961 reperiri
1185 3873 1278 3941 datas
1310 3869 1463 3958 epistolas

251 3983 418 4066 constat.⁴)
462 3981 744 4048 Verumenimvero
771 3980 851 4046 duos
876 3980 969 4046 soria
992 3981 1033 4066 (s.
1056 4003 1088 4045 n.
1112 3980 1205 4064 Xlll)
1234 3977 1463 4044 Caesarienses

250 4074 418 4171 distinguit
439 4086 607 4152 Eusebius.
647 4083 770 4162 Quodsi
792 4104 828 4150 se
850 4084 895 4149 ait
917 4083 1035 4149 habere
1058 4072 1234 4168 auctorem,
1259 4082 1313 4165 qui
1335 4080 1462 4164 scribat,

249 4211 345 4256 unum
369 4191 401 4254 in
426 4189 632 4275 Cappadocia
654 4189 810 4273 floruisse,
839 4188 889 4254 oui
912 4188 1050 4254 Basilius
1074 4207 1241 4254 successor
1262 4187 1365 4268 fuerit,
1389 4205 1462 4250 con-

250 4292 391 4360 fessione
413 4292 488 4358 fidei
511 4299 574 4358 tarn
598 4292 768 4378 illustrem,
803 4299 838 4358 ut
859 4313 920 4361 nec
942 4293 1036 4358 minis
1068 4293 1274 4359 succumbere
1297 4310 1356 4357 nec
1378 4287 1464 4354 allici

249 4397 387 4482 potuerit
410 4397 702 4482 sollicitationibus,
726 4397 787 4464 istc
810 4404 921 4464 auctor·
942 4417 1121 4482 anonymus
1144 4393 1463 4462 veritatihistoricae

249 4501 335 4567 haud
358 4498 555 4568 contradicit.
593 4499 674 4566 Nam
696 4502 729 4567 s.
747 4502 920 4584 Gregorius
944 4500 1126 4584 Theologus
1148 4499 1321 4566 Eusebium
1346 4497 1462 4563 Caesa-

249 4608 402 4690 riensem,
426 4604 476 4670 oui
498 4603 618 4688 pariter
640 4610 704 4670 tres
727 4605 890 4690 inscripsit
912 4604 1112 4690 epistolas,⁵)
1134 4605 1167 4669 in
1190 4603 1309 4668 Basilio
1333 4602 1463 4684 quidem
1512 4597 1517 4609 ’

249 4708 372 4792 aliquid
405 4706 536 4773 humani
567 4728 697 4794 passum
727 4708 830 4773 innuit
863 4709 988 4796 (ἐγένετο
1019 4708 1149 4796 διαφορὰ
1165 4747 1214 4783 ¹-
1241 4707 1273 4771 τὸ
1302 4711 1358 4788 μὲν
1387 4706 1462 4770 ὅθεν

169 4870 181 4886 ,
220 4818 300 4893 ,καὶ
323 4813 422 4893 ὅπως,
456 4815 579 4877 σιωπᾶν
602 4809 739 4893 ἄμεινον,
773 4813 852 4894 altio
874 4812 1048 4899 ἐγένετο),“)
1083 4813 1183 4879 virum
1211 4817 1318 4878 autem
1347 4807 1461 4875 fortem
