3350 5484
792 329 880 412 ‘55

253 499 435 569 eiusdemque
453 497 596 554 miraculis
613 500 727 555 libellus
745 501 838 556 editus
856 517 874 556 a
892 501 1004 557 Joanne
1022 501 1154 571 Baptista
1172 502 1329 558 Ortonensi.
1360 500 1465 571 (Baro-

252 583 322 641 ac'us
345 587 375 640 in
391 586 497 641 Annot.
516 602 542 640 a.
560 587 706 657 Martyrol.
724 591 749 644 3.
767 589 823 643 Jul.
842 589 886 643 ed.
904 586 1005 643 Plorat.
1024 589 1100 644 1589.
1122 605 1150 658 p.
1168 589 1239 656 294).
1276 587 1332 642 Cfr.
1351 586 1466 643 Rceeeb

251 672 296 727 in:
315 671 580 728 Kirehcn-Lexikon
597 689 656 728 von
673 674 788 729 Wetzer
805 690 832 729 u.
850 675 943 730 Welte
961 675 997 746 X,
1016 675 1075 729 911.

768 1023 950 1108 XXXV.

356 1264 528 1328 Praeterea
562 1261 648 1328 idem
682 1261 821 1346 quaerit,
860 1280 923 1343 qua
959 1253 1148 1330 auctoritate
1185 1262 1215 1328 d.
1251 1266 1300 1328 10.
1334 1263 1466 1328 Jauuar.

253 1368 289 1433 B.
316 1369 455 1433 Nicanor
485 1365 572 1451 apud
604 1365 742 1451 Cyprum
775 1385 890 1450 passus
922 1365 1058 1452 dicatur,
1094 1386 1191 1449 quum
1223 1364 1403 1432 Dorotheus
1434 1365 1467 1430 in

255 1471 405 1564 Synopsi,
429 1490 501 1536 eum
525 1469 557 1534 in
579 1469 801 1555 persecutione
824 1488 906 1551 quae
928 1471 965 1534 D.
983 1469 1179 1554 Stephanum
1201 1475 1467 1555 protomartyrem

254 1575 394 1658 sustulit,
427 1593 559 1659 passum
586 1577 732 1656 testetur;
769 1571 844 1638 inde
871 1570 977 1638 autem
999 1573 1190 1644 Nicanorem
1222 1561 1467 1657 Hierosolymis,

253 1699 317 1745 non
344 1675 429 1764 apud
457 1675 595 1760 Cyprum
627 1695 868 1742 consummasse
899 1676 1084 1761 martyrium
1114 1677 1235 1760 colligit
1256 1676 1466 1760 Justinianus‚

254 1781 307 1864 qui
330 1779 499 1863 antiquiori
521 1778 683 1845 Dorotheo
710 1778 848 1864 palmam
872 1800 949 1865 prae
976 1780 1203 1846 recentioribus
1230 1778 1467 1865 Martyrologiis

253 1885 370 1970 tribuit,
394 1903 515 1948 memor
536 1882 667 1966 regulae
690 1881 797 1948 tritae:
822 1882 912 1969 ,Quo
936 1884 1007 1966 quis
1024 1883 1248 1969 Apostolorum
1270 1882 1466 1969 temporibus

254 1987 387 2054 vicinior
419 1993 481 2072 est,
516 2007 553 2052 eo
582 1986 685 2070 magis
718 1992 766 2051 est
793 1986 865 2052 aliis
896 1986 1140 2073 praeferendus,
1178 1987 1240 2054 nisi
1266 1986 1466 2073 apertissime

255 2091 368 2158 erret.‘⁴
415 2091 457 2155 At
478 2090 531 2173 qui
555 2097 697 2175 tempore
723 2089 914 2156 Diocletiani
942 2090 1072 2169 exilium
1099 2111 1216 2178 passus
1240 2097 1271 2156 et
1294 2090 1474 2176 Synopsim·

255 2197 297 2261 dc·
327 2196 393 2260 vita
425 2194 649 2280 prophetarum
685 2199 717 2259 et
748 2192 974 2278 discipulorum
1010 2193 1125 2260 Christi
1163 2194 1331 2280 scripsisse
1369 2193 1467 2260 fertur

257 2297 434 2366 Dorotheus
457 2297 625 2384 Tyrensis‚
653 2297 721 2362 eius
744 2297 832 2362 nulla
854 2297 973 2363 mentio
995 2298 1154 2365 invenitur
1176 2298 1263 2384 apud
1284 2297 1467 2384 Eusebium,

256 2404 289 2470 S.
320 2403 563 2489 Hieronymum,
600 2401 653 2466 vel
685 2400 901 2486 Gennadium,
938 2407 993 2467 aut
1024 2399 1120 2468 etiam
1152 2403 1375 2488 Trithemium,
1413 2405 1468 2487 qui

255 2508 449 2594 scripserunt
463 2507 504 2572 de
518 2506 595 2572 viris
617 2505 801 2572 illustribus.
840 2505 997 2590 Synopsis
1020 2527 1096 2572 vero
1118 2507 1181 2573 ista
1202 2507 1318 2573 fabulis
1340 2507 1466 2594 plena¹)

256 2619 287 2678 et
317 2611 390 2678 ideo
427 2610 547 2676 minimi
585 2608 733 2676 facienda
770 2609 883 2676 citatur
914 2630 935 2675 a
965 2611 1117 2695 Baronio,
1160 2631 1254 2694 quem
1288 2633 1353 2677 non
1385 2611 1468 2694 fugit

254 2713 379 2780 infirma
412 2716 481 2780 eius
514 2714 700 2798 auctoritas,
738 2713 772 2778 in
803 2712 943 2779 editione
973 2713 1177 2780 Plantiniana
1207 2737 1238 2800 p.
1262 2718 1312 2781 21.
1355 2716 1468 2800 Neque

254 2827 362 2884 tamen
378 2818 564 2903 synopseos
579 2838 639 2884 nec
653 2815 874 2904 Martyrologii
896 2823 1077 2884 contextum
1101 2824 1248 2884 accurate
1263 2819 1286 2884 J
1289 2818 1467 2884 ustinianus

253 2921 465 3006 examinavit,
500 2921 554 3005 qui
584 2941 680 2986 unum
712 2921 804 2986 alteri
836 2921 993 3006 opposuit.
1038 2922 1120 2988 Nam
1153 2921 1279 2987 etiamsi
1305 2920 1467 2988 Dorotheo

253 3032 335 3092 teste
360 3026 499 3092 Nicanor
531 3025 642 3092 eodem
671 3024 724 3090 die
752 3044 814 3107 quo
838 3024 871 3090 S.
897 3023 1078 3108 Stephanus
1106 3045 1263 3092 unacum
1286 3026 1394 3090 multis
1416 3045 1467 3090 oc-

254 3131 361 3197 cubuit
386 3131 553 3215 martyrio,
587 3149 666 3194 sane
691 3129 794 3213 potuit
822 3129 1061 3212 contigisse-
1083 3128 1118 3195 id
1140 3128 1226 3212 quod
1247 3129 1340 3194 unice
1361 3134 1467 3196 textus

253 3234 472 3320 Martyrologii
495 3235 636 3300 insinuat
649 3270 706 3318 —,
729 3233 763 3297 in
779 3231 886 3318 Cypro
908 3232 963 3324 agi
986 3231 1071 3299 diem
1093 3234 1234 3300 natalem
1250 3233 1283 3299 S.
1299 3233 1467 3300 Nicanoris

131 3354 133 3358 ·
254 3339 294 3405 ob
309 3359 472 3405 sacrarum
494 3338 699 3419 reliquiarum
719 3357 801 3420 quae
816 3337 882 3402 illic
896 3335 1054 3404 habentur
1074 3325 1316 3403 translationem
1338 3336 1467 3403 tactam.

356 3443 488 3509 Miratur
509 3441 640 3508 tandem
662 3441 870 3522 Justinianus‚
894 3441 926 3506 in
948 3443 1092 3508 Romane
1115 3441 1353 3526 Martyrologio,
1375 3461 1467 3525 prae-

253 3545 409 3612 termissis
431 3545 621 3629 quibusdam
645 3545 771 3611 Sanctis
798 3545 984 3612 solemniter
1011 3544 1220 3630 canonizatis,
1253 3543 1364 3610 haberi
1386 3544 1467 3609 alios

254 3650 394 3715 nondum
420 3651 461 3715 ab
488 3649 635 3716 Ecclesia
666 3647 801 3716 solemni
826 3649 887 3714 ritu
915 3645 997 3715 divis
1024 3647 1216 3733 adscriptos,
1249 3647 1313 3712 imo
1336 3653 1369 3712 et
1390 3667 1467 3712 non-

253 3752 372 3836 nullos,
405 3750 582 3834 dequibus
608 3773 781 3836 numquam
809 3751 956 3818 Officium
983 3750 1243 3819 Ecclesiasticum
1270 3750 1329 3816 fuit
1351 3750 1468 3816 alicubi

253 3857 459 3940 persolutum.
504 3857 572 3923 Nec
593 3856 634 3922 de
656 3856 788 3922 nimium
815 3851 955 3939 antiquis
982 3855 1133 3941 loquitur,
1167 3854 1226 3921 sed
1250 3853 1291 3920 dc
1313 3855 1467 3921 recentio-

253 3959 354 4042 ribus,
385 3960 543 4026 arbitrans
565 3959 607 4024 ad
631 3959 664 4025 S.
687 3960 851 4024 Romanae
877 3959 1044 4026 Ecclesiae
1075 3962 1266 4043 gravitatem
1297 3959 1467 4044 pertinere,

254 4070 288 4128 ut
313 4064 417 4131 nullos
448 4065 506 4130 toti
537 4063 655 4131 mundo
685 4063 856 4148 proponat,
894 4082 974 4144 quos
1006 4063 1078 4150 ipsa
1107 4063 1195 4150 prius
1227 4083 1290 4128 non
1322 4062 1468 4128 absolute

196 4165 199 4170 ’
254 4167 502 4253 canonizaverit,
536 4175 590 4234 aut
612 4189 668 4235 eos
690 4167 818 4252 saltem,
851 4165 892 4230 de
915 4165 1029 4249 quibus
1055 4166 1306 4234 ecclesiasticum
1329 4155 1467 4232 officium

253 4270 392 4355 persolvi
415 4270 479 4336 iam
502 4277 576 4336 ante
599 4270 801 4338 concesserit.
917 4347 919 4352 Ι

363 4516 381 4585 ¹)
407 4517 480 4572 Rob.
513 4511 731 4585 Bellormiauc,
767 4515 810 4570 De
835 4501 1027 4583 scriptoribus
1054 4513 1269 4569 Ecclesiasticis.
1297 4513 1341 4567 ed.
1368 4511 1467 4570 Colon.

254 4602 498 4673 Agrippin.1657.
517 4620 544 4672 p.
563 4602 605 4656 67.

174 4721 178 4730 ·
361 4690 382 4754 ¹)
409 4689 465 4744 Cfr.
492 4684 650 4744 Benedicti
674 4683 758 4741 XIV.
788 4686 914 4742 Litterae
940 4687 1127 4756 Apostolicae
1154 4687 1190 4743 de
1216 4703 1294 4742 nova
1320 4688 1467 4760 Martyrol.

254 4773 328 4830 Edit.
347 4775 384 4830 ad
402 4775 542 4831 Joanncm
559 4775 594 4830 V.
612 4791 639 4829 n.
657 4774 692 4830 V.
711 4791 751 4844 sq.
1125 4805 1128 4812 ·
