<?xml version="1.0" encoding="UTF-8"?>
<!DOCTYPE html PUBLIC "-//W3C//DTD XHTML 1.0 Transitional//EN"
    "http://www.w3.org/TR/xhtml1/DTD/xhtml1-transitional.dtd">
<html xmlns="http://www.w3.org/1999/xhtml" xml:lang="en" lang="en">
 <head>
  <title>
</title>
<meta http-equiv="Content-Type" content="text/html;charset=utf-8" />
  <meta name='ocr-system' content='tesseract 3.04.00' />
  <meta name='ocr-capabilities' content='ocr_page ocr_carea ocr_par ocr_line ocrx_word'/>
</head>
<body>
  <div class='ocr_page' id='page_1' title='image "./demartyrologior00laemgoog_0051.png"; bbox 0 0 3350 5484; ppageno 0'>
   <div class='ocr_carea' id='block_1_1' title="bbox 825 415 867 480">
    <p class='ocr_par' dir='ltr' id='par_1_1' title="bbox 825 415 867 480">
     <span class='ocr_line' id='line_1_1' title="bbox 825 415 867 480; baseline 0.095 -4"><span class='ocrx_word' id='word_1_1' title='bbox 825 415 867 480; x_wconf 88' lang='grc'>46</span> 
     </span>
    </p>
   </div>
   <div class='ocr_carea' id='block_1_2' title="bbox 146 562 1453 4875">
    <p class='ocr_par' dir='ltr' id='par_1_2' title="bbox 227 562 1453 1932">
     <span class='ocr_line' id='line_1_2' title="bbox 236 562 1453 636; baseline 0.004 -20"><span class='ocrx_word' id='word_1_2' title='bbox 236 562 339 631; x_wconf 91' lang='grc'><strong>661616</strong></span> <span class='ocrx_word' id='word_1_3' title='bbox 356 579 408 633; x_wconf 87' lang='grc'>661</span> <span class='ocrx_word' id='word_1_4' title='bbox 425 565 543 636; x_wconf 80' lang='lat' dir='ltr'>pamla,</span> <span class='ocrx_word' id='word_1_5' title='bbox 570 581 623 620; x_wconf 92' lang='lat' dir='ltr'>con</span> <span class='ocrx_word' id='word_1_6' title='bbox 644 565 820 636; x_wconf 84' lang='lat' dir='ltr'>aggiungere</span> <span class='ocrx_word' id='word_1_7' title='bbox 838 571 867 622; x_wconf 88' lang='lat' dir='ltr'>et</span> <span class='ocrx_word' id='word_1_8' title='bbox 884 567 1003 622; x_wconf 89' lang='lat' dir='ltr'>minuire</span> <span class='ocrx_word' id='word_1_9' title='bbox 1027 569 1151 623; x_wconf 91' lang='lat' dir='ltr'>secondo</span> <span class='ocrx_word' id='word_1_10' title='bbox 1170 567 1199 622; x_wconf 91' lang='grc'>16</span> <span class='ocrx_word' id='word_1_11' title='bbox 1217 566 1389 622; x_wconf 89' lang='lat' dir='ltr'>correttione</span> <span class='ocrx_word' id='word_1_12' title='bbox 1407 566 1453 622; x_wconf 89' lang='lat' dir='ltr'>del</span> 
     </span>
     <span class='ocr_line' id='line_1_3' title="bbox 235 648 1453 726; baseline 0.008 -26"><span class='ocrx_word' id='word_1_13' title='bbox 235 648 270 701; x_wconf 90' lang='lat' dir='ltr'>R.</span> <span class='ocrx_word' id='word_1_14' title='bbox 289 649 320 703; x_wconf 93' lang='lat' dir='ltr'>P.</span> <span class='ocrx_word' id='word_1_15' title='bbox 339 648 507 722; x_wconf 82' lang='lat' dir='ltr'>Ciuvenale,</span> <span class='ocrx_word' id='word_1_16' title='bbox 525 652 561 706; x_wconf 87' lang='grc' dir='ltr'>Μ.</span> <span class='ocrx_word' id='word_1_17' title='bbox 580 651 670 708; x_wconf 86' lang='lat' dir='ltr'>Silvio</span> <span class='ocrx_word' id='word_1_18' title='bbox 689 657 741 706; x_wconf 88' lang='lat' dir='ltr'>etc.</span> <span class='ocrx_word' id='word_1_19' title='bbox 761 653 897 722; x_wconf 87' lang='lat' dir='ltr'>(Antonio</span> <span class='ocrx_word' id='word_1_20' title='bbox 919 653 1038 726; x_wconf 81' lang='lat' dir='ltr'>Talpac.</span> <span class='ocrx_word' id='word_1_21' title='bbox 1058 656 1095 711; x_wconf 92' lang='lat' dir='ltr'>Di</span> <span class='ocrx_word' id='word_1_22' title='bbox 1106 657 1198 710; x_wconf 89' lang='lat' dir='ltr'>Roma</span> <span class='ocrx_word' id='word_1_23' title='bbox 1215 656 1232 708; x_wconf 89' lang='lat'><strong>9</strong></span> <span class='ocrx_word' id='word_1_24' title='bbox 1249 655 1351 723; x_wconf 86' lang='lat' dir='ltr'>Luglio</span> <span class='ocrx_word' id='word_1_25' title='bbox 1365 654 1453 721; x_wconf 82' lang='lat'>1588).</span> 
     </span>
     <span class='ocr_line' id='line_1_4' title="bbox 343 736 1452 810; baseline 0.003 -20"><span class='ocrx_word' id='word_1_26' title='bbox 343 737 363 803; x_wconf 84' lang='lat'>⁴)</span> <span class='ocrx_word' id='word_1_27' title='bbox 383 736 439 791; x_wconf 89' lang='lat' dir='ltr'>Cfr.</span> <span class='ocrx_word' id='word_1_28' title='bbox 453 738 513 792; x_wconf 93' lang='lat' dir='ltr'>Ind.</span> <span class='ocrx_word' id='word_1_29' title='bbox 533 739 673 793; x_wconf 73' lang='lat' dir='ltr'>emendat.</span> <span class='ocrx_word' id='word_1_30' title='bbox 691 754 737 808; x_wconf 93' lang='grc'>66.</span> <span class='ocrx_word' id='word_1_31' title='bbox 750 737 877 794; x_wconf 66' lang='grc'><strong>11156116.</strong></span> <span class='ocrx_word' id='word_1_32' title='bbox 896 742 918 810; x_wconf 94' lang='grc' dir='ltr'>Ι,</span> <span class='ocrx_word' id='word_1_33' title='bbox 937 743 996 797; x_wconf 88' lang='lat'>183.</span> <span class='ocrx_word' id='word_1_34' title='bbox 1014 742 1033 795; x_wconf 94' lang='lat' dir='ltr'>b</span> <span class='ocrx_word' id='word_1_35' title='bbox 1052 747 1081 797; x_wconf 91' lang='lat' dir='ltr'>et</span> <span class='ocrx_word' id='word_1_36' title='bbox 1099 743 1134 797; x_wconf 92' lang='grc'>(16</span> <span class='ocrx_word' id='word_1_37' title='bbox 1152 741 1252 798; x_wconf 89' lang='lat' dir='ltr'>fictitia</span> <span class='ocrx_word' id='word_1_38' title='bbox 1264 740 1291 795; x_wconf 86' lang='lat' dir='ltr'>S.</span> <span class='ocrx_word' id='word_1_39' title='bbox 1304 739 1452 810; x_wconf 89' lang='lat' dir='ltr'>Xynoride</span> 
     </span>
     <span class='ocr_line' id='line_1_5' title="bbox 233 823 1451 898; baseline 0.007 -27"><span class='ocrx_word' id='word_1_40' title='bbox 233 823 296 888; x_wconf 80' lang='grc' dir='ltr'><strong>(τοῦ</strong></span> <span class='ocrx_word' id='word_1_41' title='bbox 324 823 459 892; x_wconf 73' lang='grc' dir='ltr'><strong><em>μακαρίου</em></strong></span> <span class='ocrx_word' id='word_1_42' title='bbox 480 824 594 888; x_wconf 64' lang='lat' dir='ltr'>Bellula</span> <span class='ocrx_word' id='word_1_43' title='bbox 618 826 728 892; x_wconf 78' lang='grc' dir='ltr'><strong><em>καὶτῆς</em></strong></span> <span class='ocrx_word' id='word_1_44' title='bbox 755 827 902 898; x_wconf 74' lang='grc' dir='ltr'><em>ξυνωρίδος</em></span> <span class='ocrx_word' id='word_1_45' title='bbox 926 829 980 880; x_wconf 72' lang='grc'><strong>6616·</strong></span> <span class='ocrx_word' id='word_1_46' title='bbox 1007 823 1090 892; x_wconf 75' lang='grc' dir='ltr'><em>ἁγίων</em></span> <span class='ocrx_word' id='word_1_47' title='bbox 1114 827 1266 898; x_wconf 76' lang='grc' dir='ltr'><strong>μαρτύρων.</strong></span> <span class='ocrx_word' id='word_1_48' title='bbox 1302 827 1330 883; x_wconf 81' lang='lat' dir='ltr'>S.</span> <span class='ocrx_word' id='word_1_49' title='bbox 1348 826 1451 881; x_wconf 80' lang='lat' dir='ltr'>Joann.</span> 
     </span>
     <span class='ocr_line' id='line_1_6' title="bbox 235 903 1450 984; baseline 0.005 -24"><span class='ocrx_word' id='word_1_50' title='bbox 235 903 433 979; x_wconf 70' lang='lat' dir='ltr'>Chrysostom.</span> <span class='ocrx_word' id='word_1_51' title='bbox 469 909 516 969; x_wconf 84' lang='grc' dir='ltr'>Εἰς</span> <span class='ocrx_word' id='word_1_52' title='bbox 539 911 588 963; x_wconf 71' lang='grc' dir='ltr'>τόν</span> <span class='ocrx_word' id='word_1_53' title='bbox 609 911 740 964; x_wconf 78' lang='grc' dir='ltr'><em>πλούσιον</em></span> <span class='ocrx_word' id='word_1_54' title='bbox 761 913 804 963; x_wconf 82' lang='grc' dir='ltr'>καὶ</span> <span class='ocrx_word' id='word_1_55' title='bbox 821 911 871 965; x_wconf 72' lang='grc' dir='ltr'>τᾶν</span> <span class='ocrx_word' id='word_1_56' title='bbox 886 912 1020 978; x_wconf 72' lang='grc' dir='ltr'><em>Λάζαρον</em></span> <span class='ocrx_word' id='word_1_57' title='bbox 1043 914 1121 978; x_wconf 78' lang='grc' dir='ltr'><em>λόγος</em></span> <span class='ocrx_word' id='word_1_58' title='bbox 1144 917 1278 984; x_wconf 79' lang='grc' dir='ltr'><strong>τέταρτος.</strong></span> <span class='ocrx_word' id='word_1_59' title='bbox 1316 913 1387 982; x_wconf 85' lang='lat' dir='ltr'>Opp.</span> <span class='ocrx_word' id='word_1_60' title='bbox 1407 913 1450 967; x_wconf 79' lang='lat' dir='ltr'>ed.</span> 
     </span>
     <span class='ocr_line' id='line_1_7' title="bbox 232 990 1450 1076; baseline 0.002 -26"><span class='ocrx_word' id='word_1_61' title='bbox 232 990 344 1063; x_wconf 76' lang='grc'><strong>1111666.</strong></span> <span class='ocrx_word' id='word_1_62' title='bbox 363 996 394 1050; x_wconf 90' lang='lat' dir='ltr'>T.</span> <span class='ocrx_word' id='word_1_63' title='bbox 413 997 435 1050; x_wconf 93' lang='grc' dir='ltr'><strong>Ι.</strong></span> <span class='ocrx_word' id='word_1_64' title='bbox 454 997 485 1051; x_wconf 91' lang='lat' dir='ltr'>P.</span> <span class='ocrx_word' id='word_1_65' title='bbox 503 1002 577 1066; x_wconf 90' lang='lat' dir='ltr'>post.</span> <span class='ocrx_word' id='word_1_66' title='bbox 597 998 660 1052; x_wconf 90' lang='lat' dir='ltr'>Par.</span> <span class='ocrx_word' id='word_1_67' title='bbox 681 999 756 1052; x_wconf 79' lang='lat'>1862.</span> <span class='ocrx_word' id='word_1_68' title='bbox 775 1016 802 1068; x_wconf 92' lang='lat' dir='ltr'>p.</span> <span class='ocrx_word' id='word_1_69' title='bbox 823 1000 900 1068; x_wconf 87' lang='grc'><strong>1007)</strong></span> <span class='ocrx_word' id='word_1_70' title='bbox 919 1001 1019 1070; x_wconf 86' lang='grc' dir='ltr'><strong>Ρ1666.</strong></span> <span class='ocrx_word' id='word_1_71' title='bbox 1040 999 1221 1076; x_wconf 76' lang='lat' dir='ltr'>Lambertia.</span> <span class='ocrx_word' id='word_1_72' title='bbox 1239 1001 1283 1054; x_wconf 89' lang='lat' dir='ltr'>De</span> <span class='ocrx_word' id='word_1_73' title='bbox 1296 999 1377 1054; x_wconf 82' lang='lat' dir='ltr'>Serv.</span> <span class='ocrx_word' id='word_1_74' title='bbox 1396 999 1450 1054; x_wconf 90' lang='lat' dir='ltr'>Dei</span> 
     </span>
     <span class='ocr_line' id='line_1_8' title="bbox 233 1079 1449 1158; baseline 0.007 -25"><span class='ocrx_word' id='word_1_75' title='bbox 233 1079 336 1134; x_wconf 85' lang='lat' dir='ltr'>Beatit.</span> <span class='ocrx_word' id='word_1_76' title='bbox 351 1081 401 1152; x_wconf 90' lang='lat' dir='ltr'>IV,</span> <span class='ocrx_word' id='word_1_77' title='bbox 413 1083 441 1152; x_wconf 78' lang='lat'>2,</span> <span class='ocrx_word' id='word_1_78' title='bbox 452 1084 485 1137; x_wconf 98' lang='grc'>17</span> <span class='ocrx_word' id='word_1_79' title='bbox 504 1085 559 1138; x_wconf 86' lang='grc'>69</span> <span class='ocrx_word' id='word_1_80' title='bbox 578 1085 636 1153; x_wconf 87' lang='grc' dir='ltr'><strong>(Α(1</strong></span> <span class='ocrx_word' id='word_1_81' title='bbox 654 1085 781 1142; x_wconf 77' lang='grc'><strong>(1166125.</strong></span> <span class='ocrx_word' id='word_1_82' title='bbox 795 1086 925 1141; x_wconf 85' lang='grc' dir='ltr'>ι16666111</span> <span class='ocrx_word' id='word_1_83' title='bbox 943 1085 1031 1142; x_wconf 88' lang='lat' dir='ltr'>fiebat</span> <span class='ocrx_word' id='word_1_84' title='bbox 1048 1087 1077 1141; x_wconf 90' lang='lat' dir='ltr'>in</span> <span class='ocrx_word' id='word_1_85' title='bbox 1095 1087 1302 1158; x_wconf 81' lang='lat' dir='ltr'>Martyrologio</span> <span class='ocrx_word' id='word_1_86' title='bbox 1320 1087 1449 1142; x_wconf 87' lang='lat' dir='ltr'>Romano</span> 
     </span>
     <span class='ocr_line' id='line_1_9' title="bbox 233 1169 1449 1244; baseline 0.006 -23"><span class='ocrx_word' id='word_1_87' title='bbox 233 1170 462 1224; x_wconf 78' lang='lat' dir='ltr'>commemoratio</span> <span class='ocrx_word' id='word_1_88' title='bbox 491 1170 614 1226; x_wconf 81' lang='lat' dir='ltr'>Sanctae</span> <span class='ocrx_word' id='word_1_89' title='bbox 641 1169 807 1244; x_wconf 77' lang='lat' dir='ltr'>Xpnorr&#39;dis</span> <span class='ocrx_word' id='word_1_90' title='bbox 832 1174 980 1244; x_wconf 86' lang='lat' dir='ltr'>Martyris,</span> <span class='ocrx_word' id='word_1_91' title='bbox 1010 1173 1088 1228; x_wconf 83' lang='lat' dir='ltr'>facta</span> <span class='ocrx_word' id='word_1_92' title='bbox 1115 1173 1302 1229; x_wconf 89' lang='lat' dir='ltr'>translatione</span> <span class='ocrx_word' id='word_1_93' title='bbox 1329 1173 1449 1228; x_wconf 92' lang='lat' dir='ltr'>nominis</span> 
     </span>
     <span class='ocr_line' id='line_1_10' title="bbox 231 1255 1448 1331; baseline 0.005 -23"><span class='ocrx_word' id='word_1_94' title='bbox 231 1255 399 1322; x_wconf 81' lang='lat' dir='ltr'>appellativi</span> <span class='ocrx_word' id='word_1_95' title='bbox 421 1257 459 1311; x_wconf 91' lang='lat' dir='ltr'>ad</span> <span class='ocrx_word' id='word_1_96' title='bbox 476 1259 637 1330; x_wconf 70' lang='lat' dir='ltr'>proprium</span> <span class='ocrx_word' id='word_1_97' title='bbox 665 1259 791 1330; x_wconf 87' lang='lat' dir='ltr'>Xynoris</span> <span class='ocrx_word' id='word_1_98' title='bbox 818 1261 891 1314; x_wconf 85' lang='lat' dir='ltr'>enirn</span> <span class='ocrx_word' id='word_1_99' title='bbox 918 1262 1027 1331; x_wconf 89' lang='lat' dir='ltr'>Martyr</span> <span class='ocrx_word' id='word_1_100' title='bbox 1054 1261 1171 1316; x_wconf 91' lang='lat' dir='ltr'>inducta</span> <span class='ocrx_word' id='word_1_101' title='bbox 1198 1261 1292 1315; x_wconf 88' lang='lat' dir='ltr'>fuerat</span> <span class='ocrx_word' id='word_1_102' title='bbox 1317 1276 1352 1315; x_wconf 85' lang='lat' dir='ltr'>ex</span> <span class='ocrx_word' id='word_1_103' title='bbox 1375 1260 1448 1314; x_wconf 90' lang='lat' dir='ltr'>male</span> 
     </span>
     <span class='ocr_line' id='line_1_11' title="bbox 229 1341 1448 1416; baseline 0.004 -23"><span class='ocrx_word' id='word_1_104' title='bbox 229 1341 374 1398; x_wconf 88' lang='lat' dir='ltr'>intellecta</span> <span class='ocrx_word' id='word_1_105' title='bbox 401 1345 572 1400; x_wconf 88' lang='lat' dir='ltr'>auctoritate</span> <span class='ocrx_word' id='word_1_106' title='bbox 600 1345 628 1400; x_wconf 86' lang='lat' dir='ltr'>S.</span> <span class='ocrx_word' id='word_1_107' title='bbox 655 1345 775 1400; x_wconf 87' lang='lat' dir='ltr'>Joannis</span> <span class='ocrx_word' id='word_1_108' title='bbox 803 1345 998 1416; x_wconf 69' lang='lat' dir='ltr'>chrysostomi</span> <span class='ocrx_word' id='word_1_109' title='bbox 1024 1347 1098 1402; x_wconf 93' lang='lat' dir='ltr'>hom.</span> <span class='ocrx_word' id='word_1_110' title='bbox 1121 1348 1146 1401; x_wconf 88' lang='grc'>4.</span> <span class='ocrx_word' id='word_1_111' title='bbox 1172 1347 1208 1402; x_wconf 92' lang='grc'>(16</span> <span class='ocrx_word' id='word_1_112' title='bbox 1230 1348 1354 1416; x_wconf 73' lang='lat' dir='ltr'>Latere,</span> <span class='ocrx_word' id='word_1_113' title='bbox 1386 1361 1448 1399; x_wconf 91' lang='lat' dir='ltr'>cum</span> 
     </span>
     <span class='ocr_line' id='line_1_12' title="bbox 230 1427 1447 1504; baseline 0.004 -24"><span class='ocrx_word' id='word_1_114' title='bbox 230 1427 356 1497; x_wconf 82' lang='lat' dir='ltr'>Xynoris</span> <span class='ocrx_word' id='word_1_115' title='bbox 378 1430 456 1498; x_wconf 90' lang='lat' dir='ltr'>apud</span> <span class='ocrx_word' id='word_1_116' title='bbox 480 1447 542 1484; x_wconf 90' lang='lat' dir='ltr'>eum</span> <span class='ocrx_word' id='word_1_117' title='bbox 567 1447 624 1486; x_wconf 93' lang='lat' dir='ltr'>non</span> <span class='ocrx_word' id='word_1_118' title='bbox 642 1432 789 1502; x_wconf 91' lang='lat' dir='ltr'>proprium</span> <span class='ocrx_word' id='word_1_119' title='bbox 814 1449 915 1488; x_wconf 92' lang='lat' dir='ltr'>nomen</span> <span class='ocrx_word' id='word_1_120' title='bbox 934 1433 1067 1504; x_wconf 90' lang='lat' dir='ltr'>alicuius,</span> <span class='ocrx_word' id='word_1_121' title='bbox 1096 1435 1146 1488; x_wconf 89' lang='lat' dir='ltr'>sed</span> <span class='ocrx_word' id='word_1_122' title='bbox 1163 1449 1217 1504; x_wconf 90' lang='lat' dir='ltr'>par</span> <span class='ocrx_word' id='word_1_123' title='bbox 1234 1435 1390 1503; x_wconf 84' lang='lat' dir='ltr'>Martyrum</span> <span class='ocrx_word' id='word_1_124' title='bbox 1406 1432 1447 1486; x_wconf 94' lang='lat' dir='ltr'>in-</span> 
     </span>
     <span class='ocr_line' id='line_1_13' title="bbox 230 1514 1446 1590; baseline 0.002 -22"><span class='ocrx_word' id='word_1_125' title='bbox 230 1514 314 1585; x_wconf 88' lang='lat' dir='ltr'>dicet,</span> <span class='ocrx_word' id='word_1_126' title='bbox 332 1515 479 1570; x_wconf 88' lang='lat' dir='ltr'>Juventini</span> <span class='ocrx_word' id='word_1_127' title='bbox 498 1515 606 1571; x_wconf 89' lang='lat' dir='ltr'>scilicet</span> <span class='ocrx_word' id='word_1_128' title='bbox 624 1523 653 1572; x_wconf 95' lang='lat' dir='ltr'>et</span> <span class='ocrx_word' id='word_1_129' title='bbox 670 1517 792 1588; x_wconf 85' lang='lat' dir='ltr'>Maximi,</span> <span class='ocrx_word' id='word_1_130' title='bbox 818 1519 866 1588; x_wconf 89' lang='lat' dir='ltr'>qui</span> <span class='ocrx_word' id='word_1_131' title='bbox 883 1519 1052 1575; x_wconf 90' lang='lat' dir='ltr'>Antiochiae</span> <span class='ocrx_word' id='word_1_132' title='bbox 1071 1521 1149 1590; x_wconf 90' lang='lat' dir='ltr'>passi</span> <span class='ocrx_word' id='word_1_133' title='bbox 1167 1525 1232 1574; x_wconf 90' lang='lat' dir='ltr'>sunt</span> <span class='ocrx_word' id='word_1_134' title='bbox 1251 1519 1303 1574; x_wconf 91' lang='lat' dir='ltr'>sub</span> <span class='ocrx_word' id='word_1_135' title='bbox 1322 1519 1446 1574; x_wconf 90' lang='lat' dir='ltr'>Juliano.</span> 
     </span>
     <span class='ocr_line' id='line_1_14' title="bbox 229 1598 1446 1675; baseline 0.004 -22"><span class='ocrx_word' id='word_1_136' title='bbox 229 1598 295 1670; x_wconf 85' lang='lat' dir='ltr'>Sed,</span> <span class='ocrx_word' id='word_1_137' title='bbox 313 1617 376 1654; x_wconf 91' lang='lat' dir='ltr'>cum</span> <span class='ocrx_word' id='word_1_138' title='bbox 395 1603 430 1656; x_wconf 93' lang='lat' dir='ltr'>de</span> <span class='ocrx_word' id='word_1_139' title='bbox 449 1618 545 1656; x_wconf 89' lang='lat' dir='ltr'>errore</span> <span class='ocrx_word' id='word_1_140' title='bbox 563 1602 649 1658; x_wconf 87' lang='lat' dir='ltr'>fuerit</span> <span class='ocrx_word' id='word_1_141' title='bbox 667 1605 827 1660; x_wconf 91' lang='lat' dir='ltr'>admonitus</span> <span class='ocrx_word' id='word_1_142' title='bbox 845 1605 874 1660; x_wconf 94' lang='lat' dir='ltr'>C.</span> <span class='ocrx_word' id='word_1_143' title='bbox 888 1606 1028 1661; x_wconf 72' lang='lat' dir='ltr'>Batonius</span> <span class='ocrx_word' id='word_1_144' title='bbox 1042 1621 1060 1660; x_wconf 91' lang='lat' dir='ltr'>a</span> <span class='ocrx_word' id='word_1_145' title='bbox 1072 1607 1159 1660; x_wconf 87' lang='lat' dir='ltr'>Petro</span> <span class='ocrx_word' id='word_1_146' title='bbox 1178 1605 1308 1675; x_wconf 89' lang='lat' dir='ltr'>Pithoeo,</span> <span class='ocrx_word' id='word_1_147' title='bbox 1327 1605 1446 1659; x_wconf 88' lang='lat' dir='ltr'>Nicolao</span> 
     </span>
     <span class='ocr_line' id='line_1_15' title="bbox 228 1685 1446 1766; baseline 0.003 -26"><span class='ocrx_word' id='word_1_148' title='bbox 228 1685 323 1740; x_wconf 85' lang='lat' dir='ltr'>Fabro</span> <span class='ocrx_word' id='word_1_149' title='bbox 342 1691 371 1742; x_wconf 88' lang='lat' dir='ltr'>ct</span> <span class='ocrx_word' id='word_1_150' title='bbox 389 1689 474 1742; x_wconf 91' lang='lat' dir='ltr'>Petro</span> <span class='ocrx_word' id='word_1_151' title='bbox 492 1689 624 1766; x_wconf 80' lang='lat' dir='ltr'>Ducaeo,</span> <span class='ocrx_word' id='word_1_152' title='bbox 647 1694 675 1743; x_wconf 90' lang='grc'>61</span> <span class='ocrx_word' id='word_1_153' title='bbox 693 1706 774 1745; x_wconf 86' lang='grc'><strong>61161</strong></span> <span class='ocrx_word' id='word_1_154' title='bbox 791 1692 905 1760; x_wconf 90' lang='lat' dir='ltr'>quidem</span> <span class='ocrx_word' id='word_1_155' title='bbox 922 1693 984 1762; x_wconf 91' lang='lat' dir='ltr'>ipse</span> <span class='ocrx_word' id='word_1_156' title='bbox 1003 1696 1148 1747; x_wconf 88' lang='lat' dir='ltr'>correctus</span> <span class='ocrx_word' id='word_1_157' title='bbox 1166 1691 1265 1762; x_wconf 89' lang='lat' dir='ltr'>fuerit,</span> <span class='ocrx_word' id='word_1_158' title='bbox 1291 1691 1371 1746; x_wconf 92' lang='lat' dir='ltr'>nulla</span> <span class='ocrx_word' id='word_1_159' title='bbox 1389 1707 1446 1744; x_wconf 90' lang='lat' dir='ltr'>am-</span> 
     </span>
     <span class='ocr_line' id='line_1_16' title="bbox 227 1773 1445 1848; baseline 0.003 -22"><span class='ocrx_word' id='word_1_160' title='bbox 227 1773 302 1841; x_wconf 92' lang='lat' dir='ltr'>plius</span> <span class='ocrx_word' id='word_1_161' title='bbox 321 1774 381 1828; x_wconf 90' lang='lat' dir='ltr'>eius</span> <span class='ocrx_word' id='word_1_162' title='bbox 399 1774 531 1830; x_wconf 92' lang='lat' dir='ltr'>habenda</span> <span class='ocrx_word' id='word_1_163' title='bbox 544 1780 587 1830; x_wconf 90' lang='lat' dir='ltr'>est</span> <span class='ocrx_word' id='word_1_164' title='bbox 598 1777 693 1846; x_wconf 90' lang='lat' dir='ltr'>ratio),</span> <span class='ocrx_word' id='word_1_165' title='bbox 711 1776 775 1832; x_wconf 88' lang='lat' dir='ltr'>Act.</span> <span class='ocrx_word' id='word_1_166' title='bbox 792 1778 901 1832; x_wconf 85' lang='lat' dir='ltr'>Erudit.</span> <span class='ocrx_word' id='word_1_167' title='bbox 919 1778 1077 1848; x_wconf 73' lang='grc'><strong>11661742</strong></span> <span class='ocrx_word' id='word_1_168' title='bbox 1096 1793 1155 1832; x_wconf 84' lang='lat' dir='ltr'>exc.</span> <span class='ocrx_word' id='word_1_169' title='bbox 1168 1777 1197 1831; x_wconf 94' lang='lat' dir='ltr'>in</span> <span class='ocrx_word' id='word_1_170' title='bbox 1209 1776 1356 1832; x_wconf 82' lang='lat' dir='ltr'>Benedicti</span> <span class='ocrx_word' id='word_1_171' title='bbox 1368 1775 1445 1830; x_wconf 88' lang='lat' dir='ltr'>XIV.</span> 
     </span>
     <span class='ocr_line' id='line_1_17' title="bbox 229 1858 1399 1932; baseline 0.003 -19"><span class='ocrx_word' id='word_1_172' title='bbox 229 1858 299 1928; x_wconf 92' lang='grc'><strong>066.</strong></span> <span class='ocrx_word' id='word_1_173' title='bbox 319 1861 362 1914; x_wconf 91' lang='lat' dir='ltr'>ed.</span> <span class='ocrx_word' id='word_1_174' title='bbox 381 1858 466 1916; x_wconf 82' lang='lat' dir='ltr'>Prot.</span> <span class='ocrx_word' id='word_1_175' title='bbox 485 1863 564 1916; x_wconf 90' lang='lat' dir='ltr'>Tom.</span> <span class='ocrx_word' id='word_1_176' title='bbox 583 1863 596 1915; x_wconf 96' lang='lat' dir='ltr'>I</span> <span class='ocrx_word' id='word_1_177' title='bbox 614 1880 641 1932; x_wconf 89' lang='lat' dir='ltr'>p.</span> <span class='ocrx_word' id='word_1_178' title='bbox 660 1860 740 1917; x_wconf 91' lang='lat' dir='ltr'>LVII</span> <span class='ocrx_word' id='word_1_179' title='bbox 758 1878 792 1916; x_wconf 92' lang='lat' dir='ltr'>ac</span> <span class='ocrx_word' id='word_1_180' title='bbox 809 1861 840 1917; x_wconf 94' lang='lat' dir='ltr'>C.</span> <span class='ocrx_word' id='word_1_181' title='bbox 860 1863 895 1917; x_wconf 93' lang='grc'>(16</span> <span class='ocrx_word' id='word_1_182' title='bbox 914 1859 1025 1928; x_wconf 78' lang='lat' dir='ltr'>Smcdt,</span> <span class='ocrx_word' id='word_1_183' title='bbox 1045 1865 1154 1918; x_wconf 92' lang='lat' dir='ltr'>Introd.</span> <span class='ocrx_word' id='word_1_184' title='bbox 1173 1863 1274 1918; x_wconf 86' lang='lat' dir='ltr'>Gener.</span> <span class='ocrx_word' id='word_1_185' title='bbox 1293 1879 1320 1932; x_wconf 93' lang='lat' dir='ltr'>p.</span> <span class='ocrx_word' id='word_1_186' title='bbox 1340 1861 1399 1917; x_wconf 85' lang='lat'>149.</span> 
     </span>
    </p>

    <p class='ocr_par' dir='ltr' id='par_1_3' title="bbox 225 1944 1445 2363">
     <span class='ocr_line' id='line_1_18' title="bbox 335 1944 1445 2018; baseline 0.003 -18"><span class='ocrx_word' id='word_1_187' title='bbox 335 1944 356 2014; x_wconf 86' lang='lat'>⁵)</span> <span class='ocrx_word' id='word_1_188' title='bbox 374 1947 417 2000; x_wconf 86' lang='lat' dir='ltr'>Ex</span> <span class='ocrx_word' id='word_1_189' title='bbox 436 1948 565 2017; x_wconf 89' lang='lat' dir='ltr'>angustis</span> <span class='ocrx_word' id='word_1_190' title='bbox 591 1948 775 2002; x_wconf 89' lang='lat' dir='ltr'>Notationum</span> <span class='ocrx_word' id='word_1_191' title='bbox 796 1948 932 2004; x_wconf 88' lang='lat' dir='ltr'>limitibus</span> <span class='ocrx_word' id='word_1_192' title='bbox 950 1949 978 2003; x_wconf 91' lang='lat' dir='ltr'>in</span> <span class='ocrx_word' id='word_1_193' title='bbox 997 1951 1127 2005; x_wconf 89' lang='lat' dir='ltr'>latiorem</span> <span class='ocrx_word' id='word_1_194' title='bbox 1150 1949 1350 2018; x_wconf 83' lang='lat' dir='ltr'>disputationis</span> <span class='ocrx_word' id='word_1_195' title='bbox 1372 1964 1445 2003; x_wconf 87' lang='lat' dir='ltr'>cam·</span> 
     </span>
     <span class='ocr_line' id='line_1_19' title="bbox 226 2033 1445 2108; baseline 0.002 -22"><span class='ocrx_word' id='word_1_196' title='bbox 226 2048 293 2101; x_wconf 92' lang='lat' dir='ltr'>pum</span> <span class='ocrx_word' id='word_1_197' title='bbox 320 2047 490 2102; x_wconf 86' lang='lat' dir='ltr'>progressus</span> <span class='ocrx_word' id='word_1_198' title='bbox 513 2039 557 2088; x_wconf 90' lang='grc'>661</span> <span class='ocrx_word' id='word_1_199' title='bbox 577 2035 733 2106; x_wconf 88' lang='grc' dir='ltr'><strong>Β6166166,</strong></span> <span class='ocrx_word' id='word_1_200' title='bbox 763 2035 812 2090; x_wconf 85' lang='grc'>651</span> <span class='ocrx_word' id='word_1_201' title='bbox 836 2041 936 2090; x_wconf 88' lang='grc'><strong>666116</strong></span> <span class='ocrx_word' id='word_1_202' title='bbox 962 2033 1109 2108; x_wconf 78' lang='lat' dir='ltr'>Uponiurn</span> <span class='ocrx_word' id='word_1_203' title='bbox 1138 2035 1229 2103; x_wconf 88' lang='lat' dir='ltr'>(cuius</span> <span class='ocrx_word' id='word_1_204' title='bbox 1253 2035 1326 2090; x_wconf 88' lang='lat' dir='ltr'>liber</span> <span class='ocrx_word' id='word_1_205' title='bbox 1346 2035 1445 2090; x_wconf 85' lang='lat' dir='ltr'>Italico</span> 
     </span>
     <span class='ocr_line' id='line_1_20' title="bbox 227 2115 1445 2194; baseline 0.001 -21"><span class='ocrx_word' id='word_1_206' title='bbox 227 2119 348 2188; x_wconf 90' lang='lat' dir='ltr'>scriptus</span> <span class='ocrx_word' id='word_1_207' title='bbox 376 2119 413 2173; x_wconf 93' lang='lat' dir='ltr'>de</span> <span class='ocrx_word' id='word_1_208' title='bbox 434 2115 605 2175; x_wconf 90' lang='lat' dir='ltr'>stationibus</span> <span class='ocrx_word' id='word_1_209' title='bbox 632 2121 717 2176; x_wconf 89' lang='lat' dir='ltr'>Urbis</span> <span class='ocrx_word' id='word_1_210' title='bbox 741 2137 766 2186; x_wconf 83' lang='lat' dir='ltr'>a.</span> <span class='ocrx_word' id='word_1_211' title='bbox 791 2121 859 2176; x_wconf 85' lang='lat'>1588</span> <span class='ocrx_word' id='word_1_212' title='bbox 885 2123 1005 2194; x_wconf 90' lang='lat' dir='ltr'>prodiit,</span> <span class='ocrx_word' id='word_1_213' title='bbox 1035 2139 1121 2193; x_wconf 91' lang='lat' dir='ltr'>quum</span> <span class='ocrx_word' id='word_1_214' title='bbox 1147 2123 1214 2177; x_wconf 91' lang='lat' dir='ltr'>Bar.</span> <span class='ocrx_word' id='word_1_215' title='bbox 1237 2121 1445 2176; x_wconf 89' lang='lat' dir='ltr'>Plautinianam</span> 
     </span>
     <span class='ocr_line' id='line_1_21' title="bbox 225 2201 1444 2277; baseline 0.002 -18"><span class='ocrx_word' id='word_1_216' title='bbox 225 2205 425 2275; x_wconf 81' lang='lat' dir='ltr'>Martyrologii</span> <span class='ocrx_word' id='word_1_217' title='bbox 453 2206 604 2261; x_wconf 88' lang='lat' dir='ltr'>editionem</span> <span class='ocrx_word' id='word_1_218' title='bbox 630 2209 826 2277; x_wconf 84' lang='lat' dir='ltr'>meditaretur)</span> <span class='ocrx_word' id='word_1_219' title='bbox 854 2225 880 2264; x_wconf 93' lang='lat' dir='ltr'>a.</span> <span class='ocrx_word' id='word_1_220' title='bbox 904 2209 930 2264; x_wconf 96' lang='lat' dir='ltr'>d.</span> <span class='ocrx_word' id='word_1_221' title='bbox 955 2209 996 2266; x_wconf 84' lang='lat'>14.</span> <span class='ocrx_word' id='word_1_222' title='bbox 1019 2211 1101 2264; x_wconf 89' lang='lat' dir='ltr'>Mart.</span> <span class='ocrx_word' id='word_1_223' title='bbox 1128 2208 1295 2264; x_wconf 89' lang='lat' dir='ltr'>sententiam</span> <span class='ocrx_word' id='word_1_224' title='bbox 1319 2201 1355 2264; x_wconf 92' lang='lat' dir='ltr'>de</span> <span class='ocrx_word' id='word_1_225' title='bbox 1379 2208 1444 2262; x_wconf 92' lang='lat' dir='ltr'>loco</span> 
     </span>
     <span class='ocr_line' id='line_1_22' title="bbox 227 2291 1400 2363; baseline 0.006 -17"><span class='ocrx_word' id='word_1_226' title='bbox 227 2291 357 2346; x_wconf 79' lang='lat' dir='ltr'>Carceris</span> <span class='ocrx_word' id='word_1_227' title='bbox 375 2291 497 2347; x_wconf 85' lang='lat' dir='ltr'>Tulliani</span> <span class='ocrx_word' id='word_1_228' title='bbox 516 2293 626 2363; x_wconf 92' lang='lat' dir='ltr'>pridem</span> <span class='ocrx_word' id='word_1_229' title='bbox 644 2299 782 2350; x_wconf 85' lang='lat' dir='ltr'>assertam</span> <span class='ocrx_word' id='word_1_230' title='bbox 801 2294 934 2350; x_wconf 86' lang='lat' dir='ltr'>defendit.</span> <span class='ocrx_word' id='word_1_231' title='bbox 1399 2298 1400 2302; x_wconf 75' lang='grc'>’</span> 
     </span>
    </p>

    <p class='ocr_par' dir='ltr' id='par_1_4' title="bbox 223 2377 1443 2710">
     <span class='ocr_line' id='line_1_23' title="bbox 331 2377 1443 2452; baseline 0.003 -21"><span class='ocrx_word' id='word_1_232' title='bbox 331 2377 351 2446; x_wconf 81' lang='grc'>6)</span> <span class='ocrx_word' id='word_1_233' title='bbox 370 2378 482 2433; x_wconf 84' lang='grc' dir='ltr'><strong>Τ611166</strong></span> <span class='ocrx_word' id='word_1_234' title='bbox 503 2383 568 2434; x_wconf 86' lang='grc'><strong>1666</strong></span> <span class='ocrx_word' id='word_1_235' title='bbox 591 2381 620 2434; x_wconf 92' lang='grc'>16</span> <span class='ocrx_word' id='word_1_236' title='bbox 637 2381 823 2452; x_wconf 85' lang='lat' dir='ltr'>Martyrolog.</span> <span class='ocrx_word' id='word_1_237' title='bbox 844 2383 925 2437; x_wconf 88' lang='lat' dir='ltr'>Rom.</span> <span class='ocrx_word' id='word_1_238' title='bbox 951 2382 1162 2438; x_wconf 88' lang='lat' dir='ltr'>emendationes</span> <span class='ocrx_word' id='word_1_239' title='bbox 1190 2381 1383 2438; x_wconf 86' lang='lat' dir='ltr'>lubentissime</span> <span class='ocrx_word' id='word_1_240' title='bbox 1402 2380 1443 2434; x_wconf 89' lang='lat' dir='ltr'>uti</span> 
     </span>
     <span class='ocr_line' id='line_1_24' title="bbox 224 2463 1443 2539; baseline 0.002 -22"><span class='ocrx_word' id='word_1_241' title='bbox 224 2463 335 2533; x_wconf 89' lang='lat' dir='ltr'>priores</span> <span class='ocrx_word' id='word_1_242' title='bbox 363 2465 456 2519; x_wconf 91' lang='lat' dir='ltr'>animo</span> <span class='ocrx_word' id='word_1_243' title='bbox 482 2467 587 2538; x_wconf 88' lang='lat' dir='ltr'>recepi,</span> <span class='ocrx_word' id='word_1_244' title='bbox 617 2471 645 2522; x_wconf 90' lang='lat' dir='ltr'>et</span> <span class='ocrx_word' id='word_1_245' title='bbox 664 2468 799 2524; x_wconf 87' lang='lat' dir='ltr'>continuo</span> <span class='ocrx_word' id='word_1_246' title='bbox 823 2469 848 2524; x_wconf 89' lang='lat' dir='ltr'>ei</span> <span class='ocrx_word' id='word_1_247' title='bbox 871 2469 920 2539; x_wconf 91' lang='lat' dir='ltr'>qui</span> <span class='ocrx_word' id='word_1_248' title='bbox 943 2469 1046 2524; x_wconf 88' lang='lat' dir='ltr'>librum</span> <span class='ocrx_word' id='word_1_249' title='bbox 1070 2470 1224 2526; x_wconf 90' lang='lat' dir='ltr'>secundum</span> <span class='ocrx_word' id='word_1_250' title='bbox 1252 2467 1443 2523; x_wconf 87' lang='lat' dir='ltr'>correctiones</span> 
     </span>
     <span class='ocr_line' id='line_1_25' title="bbox 224 2550 1443 2625; baseline 0.002 -21"><span class='ocrx_word' id='word_1_251' title='bbox 224 2554 290 2604; x_wconf 90' lang='lat' dir='ltr'>tuas</span> <span class='ocrx_word' id='word_1_252' title='bbox 315 2551 520 2606; x_wconf 88' lang='lat' dir='ltr'>emendandum</span> <span class='ocrx_word' id='word_1_253' title='bbox 545 2558 723 2625; x_wconf 88' lang='lat' dir='ltr'>susceperat,</span> <span class='ocrx_word' id='word_1_254' title='bbox 750 2553 863 2609; x_wconf 86' lang='lat' dir='ltr'>tradidi.</span> <span class='ocrx_word' id='word_1_255' title='bbox 900 2554 992 2622; x_wconf 87' lang='lat' dir='ltr'>(Caes.</span> <span class='ocrx_word' id='word_1_256' title='bbox 1010 2553 1148 2613; x_wconf 81' lang='lat' dir='ltr'>Baronio</span> <span class='ocrx_word' id='word_1_257' title='bbox 1172 2553 1332 2624; x_wconf 71' lang='lat' dir='ltr'>christoph.</span> <span class='ocrx_word' id='word_1_258' title='bbox 1350 2550 1443 2608; x_wconf 80' lang='lat' dir='ltr'>Plea-</span> 
     </span>
     <span class='ocr_line' id='line_1_26' title="bbox 223 2635 857 2710; baseline 0.005 -18"><span class='ocrx_word' id='word_1_259' title='bbox 223 2635 314 2693; x_wconf 80' lang='lat' dir='ltr'>tinus.</span> <span class='ocrx_word' id='word_1_260' title='bbox 349 2639 489 2709; x_wconf 89' lang='lat' dir='ltr'>Antverp.</span> <span class='ocrx_word' id='word_1_261' title='bbox 507 2643 596 2709; x_wconf 88' lang='lat' dir='ltr'>postr.</span> <span class='ocrx_word' id='word_1_262' title='bbox 615 2639 657 2694; x_wconf 90' lang='lat' dir='ltr'>Id.</span> <span class='ocrx_word' id='word_1_263' title='bbox 675 2639 750 2710; x_wconf 85' lang='lat' dir='ltr'>Aug.</span> <span class='ocrx_word' id='word_1_264' title='bbox 770 2641 857 2710; x_wconf 84' lang='lat'>1588.)</span> 
     </span>
    </p>

    <p class='ocr_par' dir='ltr' id='par_1_5' title="bbox 222 2725 1442 3140">
     <span class='ocr_line' id='line_1_27' title="bbox 330 2725 1440 2797; baseline 0.002 -17"><span class='ocrx_word' id='word_1_265' title='bbox 330 2725 350 2793; x_wconf 85' lang='lat'>⁷)</span> <span class='ocrx_word' id='word_1_266' title='bbox 369 2726 409 2780; x_wconf 92' lang='lat' dir='ltr'>Te</span> <span class='ocrx_word' id='word_1_267' title='bbox 428 2727 577 2782; x_wconf 88' lang='lat' dir='ltr'>certiorem</span> <span class='ocrx_word' id='word_1_268' title='bbox 601 2725 696 2782; x_wconf 86' lang='lat' dir='ltr'>facere</span> <span class='ocrx_word' id='word_1_269' title='bbox 719 2726 813 2797; x_wconf 85' lang='lat' dir='ltr'>volui,</span> <span class='ocrx_word' id='word_1_270' title='bbox 835 2728 976 2782; x_wconf 91' lang='lat' dir='ltr'>redditum</span> <span class='ocrx_word' id='word_1_271' title='bbox 994 2728 1110 2782; x_wconf 89' lang='lat' dir='ltr'>tandem</span> <span class='ocrx_word' id='word_1_272' title='bbox 1126 2727 1193 2782; x_wconf 89' lang='lat' dir='ltr'>mihi</span> <span class='ocrx_word' id='word_1_273' title='bbox 1213 2743 1275 2783; x_wconf 89' lang='grc'><strong>6666</strong></span> <span class='ocrx_word' id='word_1_274' title='bbox 1292 2725 1440 2797; x_wconf 85' lang='lat' dir='ltr'>Martyrol.</span> 
     </span>
     <span class='ocr_line' id='line_1_28' title="bbox 222 2812 1442 2885; baseline 0.002 -19"><span class='ocrx_word' id='word_1_275' title='bbox 222 2815 302 2866; x_wconf 89' lang='lat' dir='ltr'>tuum</span> <span class='ocrx_word' id='word_1_276' title='bbox 327 2813 485 2868; x_wconf 86' lang='lat' dir='ltr'>Romanum</span> <span class='ocrx_word' id='word_1_277' title='bbox 514 2828 532 2867; x_wconf 88' lang='lat' dir='ltr'>a</span> <span class='ocrx_word' id='word_1_278' title='bbox 558 2812 730 2868; x_wconf 91' lang='lat' dir='ltr'>Censoribus</span> <span class='ocrx_word' id='word_1_279' title='bbox 756 2814 978 2885; x_wconf 87' lang='lat' dir='ltr'>Ecclesiasticis,</span> <span class='ocrx_word' id='word_1_280' title='bbox 1008 2818 1095 2884; x_wconf 91' lang='lat' dir='ltr'>atque</span> <span class='ocrx_word' id='word_1_281' title='bbox 1121 2815 1237 2869; x_wconf 90' lang='lat' dir='ltr'>missum</span> <span class='ocrx_word' id='word_1_282' title='bbox 1265 2829 1328 2868; x_wconf 89' lang='lat' dir='ltr'>esse</span> <span class='ocrx_word' id='word_1_283' title='bbox 1353 2828 1371 2868; x_wconf 93' lang='lat' dir='ltr'>a</span> <span class='ocrx_word' id='word_1_284' title='bbox 1397 2829 1442 2868; x_wconf 92' lang='lat' dir='ltr'>me</span> 
     </span>
     <span class='ocr_line' id='line_1_29' title="bbox 222 2898 1441 2972; baseline 0 -20"><span class='ocrx_word' id='word_1_285' title='bbox 222 2899 372 2954; x_wconf 86' lang='lat' dir='ltr'>Bruxellas</span> <span class='ocrx_word' id='word_1_286' title='bbox 401 2899 439 2954; x_wconf 88' lang='lat' dir='ltr'>ad</span> <span class='ocrx_word' id='word_1_287' title='bbox 464 2898 647 2953; x_wconf 89' lang='lat' dir='ltr'>obtinendum</span> <span class='ocrx_word' id='word_1_288' title='bbox 673 2900 854 2970; x_wconf 83' lang='lat' dir='ltr'>privilegium</span> <span class='ocrx_word' id='word_1_289' title='bbox 881 2899 918 2955; x_wconf 90' lang='lat' dir='ltr'>ab</span> <span class='ocrx_word' id='word_1_290' title='bbox 941 2899 1030 2972; x_wconf 87' lang='lat' dir='ltr'>Aula,</span> <span class='ocrx_word' id='word_1_291' title='bbox 1060 2901 1137 2970; x_wconf 93' lang='lat' dir='ltr'>quod</span> <span class='ocrx_word' id='word_1_292' title='bbox 1164 2901 1213 2956; x_wconf 92' lang='lat' dir='ltr'>ubi</span> <span class='ocrx_word' id='word_1_293' title='bbox 1239 2900 1441 2970; x_wconf 88' lang='lat' dir='ltr'>impetravero,</span> 
     </span>
     <span class='ocr_line' id='line_1_30' title="bbox 222 2982 1442 3056; baseline 0.002 -19"><span class='ocrx_word' id='word_1_294' title='bbox 222 2985 301 3039; x_wconf 91' lang='lat' dir='ltr'>nulle</span> <span class='ocrx_word' id='word_1_295' title='bbox 319 3001 399 3040; x_wconf 89' lang='lat' dir='ltr'>mora</span> <span class='ocrx_word' id='word_1_296' title='bbox 417 2985 479 3055; x_wconf 90' lang='lat' dir='ltr'>erit,</span> <span class='ocrx_word' id='word_1_297' title='bbox 497 2985 565 3054; x_wconf 89' lang='lat' dir='ltr'>quin</span> <span class='ocrx_word' id='word_1_298' title='bbox 583 2985 678 3040; x_wconf 91' lang='lat' dir='ltr'>statim</span> <span class='ocrx_word' id='word_1_299' title='bbox 700 2986 800 3056; x_wconf 90' lang='lat' dir='ltr'>praelo</span> <span class='ocrx_word' id='word_1_300' title='bbox 826 2987 1005 3042; x_wconf 90' lang='lat' dir='ltr'>subiecturus</span> <span class='ocrx_word' id='word_1_301' title='bbox 1028 2987 1087 3042; x_wconf 90' lang='lat' dir='ltr'>sim.</span> <span class='ocrx_word' id='word_1_302' title='bbox 1124 2985 1260 3054; x_wconf 86' lang='lat' dir='ltr'>(Baronio</span> <span class='ocrx_word' id='word_1_303' title='bbox 1279 2982 1442 3040; x_wconf 77' lang='lat' dir='ltr'>Plautinus</span> 
     </span>
     <span class='ocr_line' id='line_1_31' title="bbox 222 3071 1130 3140; baseline 0.004 -16"><span class='ocrx_word' id='word_1_304' title='bbox 222 3071 294 3139; x_wconf 91' lang='lat' dir='ltr'>prid.</span> <span class='ocrx_word' id='word_1_305' title='bbox 313 3071 377 3126; x_wconf 91' lang='lat' dir='ltr'>Kal.</span> <span class='ocrx_word' id='word_1_306' title='bbox 397 3071 474 3140; x_wconf 86' lang='lat' dir='ltr'>Sept.</span> <span class='ocrx_word' id='word_1_307' title='bbox 493 3071 580 3140; x_wconf 85' lang='lat'>1588.)</span> <span class='ocrx_word' id='word_1_308' title='bbox 1129 3135 1130 3139; x_wconf 65' lang='lat'>,</span> 
     </span>
    </p>

    <p class='ocr_par' dir='ltr' id='par_1_6' title="bbox 161 3156 1440 3834">
     <span class='ocr_line' id='line_1_32' title="bbox 329 3156 1440 3229; baseline 0.002 -17"><span class='ocrx_word' id='word_1_309' title='bbox 329 3156 350 3226; x_wconf 68' lang='grc'>8)</span> <span class='ocrx_word' id='word_1_310' title='bbox 368 3157 448 3228; x_wconf 89' lang='lat' dir='ltr'>Vidi,</span> <span class='ocrx_word' id='word_1_311' title='bbox 476 3157 553 3226; x_wconf 92' lang='lat' dir='ltr'>quod</span> <span class='ocrx_word' id='word_1_312' title='bbox 572 3157 673 3212; x_wconf 82' lang='lat' dir='ltr'>Christ.</span> <span class='ocrx_word' id='word_1_313' title='bbox 701 3157 824 3212; x_wconf 90' lang='lat' dir='ltr'>Plantini</span> <span class='ocrx_word' id='word_1_314' title='bbox 850 3157 927 3228; x_wconf 84' lang='lat' dir='ltr'>typis</span> <span class='ocrx_word' id='word_1_315' title='bbox 954 3159 1075 3228; x_wconf 86' lang='lat' dir='ltr'>imprimi</span> <span class='ocrx_word' id='word_1_316' title='bbox 1103 3159 1183 3228; x_wconf 90' lang='lat' dir='ltr'>cupis</span> <span class='ocrx_word' id='word_1_317' title='bbox 1205 3159 1440 3229; x_wconf 85' lang='lat' dir='ltr'>Martyrologium</span> 
     </span>
     <span class='ocr_line' id='line_1_33' title="bbox 220 3243 1439 3317; baseline 0.002 -20"><span class='ocrx_word' id='word_1_318' title='bbox 220 3247 299 3297; x_wconf 93' lang='lat' dir='ltr'>tuum</span> <span class='ocrx_word' id='word_1_319' title='bbox 320 3285 326 3299; x_wconf 98' lang='lat'>.</span> <span class='ocrx_word' id='word_1_320' title='bbox 345 3285 352 3298; x_wconf 93' lang='lat'>.</span> <span class='ocrx_word' id='word_1_321' title='bbox 369 3260 422 3299; x_wconf 88' lang='lat' dir='ltr'>nec</span> <span class='ocrx_word' id='word_1_322' title='bbox 441 3245 570 3299; x_wconf 90' lang='lat' dir='ltr'>omittere</span> <span class='ocrx_word' id='word_1_323' title='bbox 588 3243 682 3317; x_wconf 91' lang='lat' dir='ltr'>potui,</span> <span class='ocrx_word' id='word_1_324' title='bbox 709 3244 790 3314; x_wconf 89' lang='lat' dir='ltr'>quin,</span> <span class='ocrx_word' id='word_1_325' title='bbox 816 3245 929 3300; x_wconf 89' lang='lat' dir='ltr'>tametsi</span> <span class='ocrx_word' id='word_1_326' title='bbox 947 3262 983 3300; x_wconf 90' lang='grc'>66</span> <span class='ocrx_word' id='word_1_327' title='bbox 1000 3245 1112 3301; x_wconf 91' lang='grc'><strong>666166</strong></span> <span class='ocrx_word' id='word_1_328' title='bbox 1131 3245 1245 3315; x_wconf 87' lang='lat' dir='ltr'>quidem</span> <span class='ocrx_word' id='word_1_329' title='bbox 1262 3249 1360 3316; x_wconf 90' lang='lat' dir='ltr'>notus,</span> <span class='ocrx_word' id='word_1_330' title='bbox 1387 3245 1439 3300; x_wconf 86' lang='lat' dir='ltr'>has</span> 
     </span>
     <span class='ocr_line' id='line_1_34' title="bbox 221 3330 1438 3402; baseline 0.002 -18"><span class='ocrx_word' id='word_1_331' title='bbox 221 3330 260 3385; x_wconf 90' lang='lat' dir='ltr'>ad</span> <span class='ocrx_word' id='word_1_332' title='bbox 277 3335 306 3386; x_wconf 91' lang='lat' dir='ltr'>te</span> <span class='ocrx_word' id='word_1_333' title='bbox 324 3331 434 3386; x_wconf 89' lang='lat' dir='ltr'>litteras</span> <span class='ocrx_word' id='word_1_334' title='bbox 453 3331 563 3401; x_wconf 83' lang='lat' dir='ltr'>darem,</span> <span class='ocrx_word' id='word_1_335' title='bbox 590 3346 737 3402; x_wconf 83' lang='lat' dir='ltr'>meamque</span> <span class='ocrx_word' id='word_1_336' title='bbox 761 3330 891 3386; x_wconf 89' lang='lat' dir='ltr'>offerrem</span> <span class='ocrx_word' id='word_1_337' title='bbox 909 3331 1010 3386; x_wconf 87' lang='grc'><strong>161166</strong></span> <span class='ocrx_word' id='word_1_338' title='bbox 1029 3332 1146 3386; x_wconf 88' lang='lat' dir='ltr'>civitate</span> <span class='ocrx_word' id='word_1_339' title='bbox 1169 3347 1300 3402; x_wconf 88' lang='lat' dir='ltr'>operam,</span> <span class='ocrx_word' id='word_1_340' title='bbox 1329 3332 1352 3386; x_wconf 92' lang='lat' dir='ltr'>si</span> <span class='ocrx_word' id='word_1_341' title='bbox 1371 3332 1438 3401; x_wconf 89' lang='lat' dir='ltr'>quid</span> 
     </span>
     <span class='ocr_line' id='line_1_35' title="bbox 161 3417 1438 3490; baseline 0.002 -20"><span class='ocrx_word' id='word_1_342' title='bbox 161 3423 162 3426; x_wconf 75' lang='grc'>’</span> <span class='ocrx_word' id='word_1_343' title='bbox 221 3417 296 3472; x_wconf 85' lang='grc'><strong>16116</strong></span> <span class='ocrx_word' id='word_1_344' title='bbox 320 3417 436 3472; x_wconf 87' lang='lat' dir='ltr'>editioni</span> <span class='ocrx_word' id='word_1_345' title='bbox 463 3418 601 3486; x_wconf 90' lang='lat' dir='ltr'>prodesse</span> <span class='ocrx_word' id='word_1_346' title='bbox 629 3417 743 3488; x_wconf 88' lang='lat' dir='ltr'>possim.</span> <span class='ocrx_word' id='word_1_347' title='bbox 773 3418 887 3490; x_wconf 20' lang='lat' dir='ltr'>,Romae</span> <span class='ocrx_word' id='word_1_348' title='bbox 910 3419 1012 3473; x_wconf 91' lang='lat' dir='ltr'>etenim</span> <span class='ocrx_word' id='word_1_349' title='bbox 1034 3421 1173 3472; x_wconf 88' lang='lat' dir='ltr'>nontam</span> <span class='ocrx_word' id='word_1_350' title='bbox 1197 3418 1347 3472; x_wconf 90' lang='lat' dir='ltr'>emendata</span> <span class='ocrx_word' id='word_1_351' title='bbox 1373 3433 1438 3488; x_wconf 91' lang='lat' dir='ltr'>pro-</span> 
     </span>
     <span class='ocr_line' id='line_1_36' title="bbox 221 3502 1437 3576; baseline 0.002 -20"><span class='ocrx_word' id='word_1_352' title='bbox 221 3502 357 3557; x_wconf 86' lang='lat' dir='ltr'>dierunt.</span> <span class='ocrx_word' id='word_1_353' title='bbox 376 3546 379 3554; x_wconf 86' lang='lat'>.</span> <span class='ocrx_word' id='word_1_354' title='bbox 419 3504 455 3558; x_wconf 88' lang='lat' dir='ltr'>Et</span> <span class='ocrx_word' id='word_1_355' title='bbox 479 3505 534 3559; x_wconf 92' lang='lat' dir='ltr'>hoc</span> <span class='ocrx_word' id='word_1_356' title='bbox 556 3504 669 3574; x_wconf 89' lang='lat' dir='ltr'>quidem</span> <span class='ocrx_word' id='word_1_357' title='bbox 693 3508 725 3558; x_wconf 89' lang='lat' dir='ltr'>ut</span> <span class='ocrx_word' id='word_1_358' title='bbox 746 3504 886 3576; x_wconf 83' lang='lat' dir='ltr'>tacerem,</span> <span class='ocrx_word' id='word_1_359' title='bbox 912 3521 956 3560; x_wconf 92' lang='lat' dir='ltr'>me</span> <span class='ocrx_word' id='word_1_360' title='bbox 979 3505 1095 3575; x_wconf 84' lang='lat' dir='ltr'>rogavit</span> <span class='ocrx_word' id='word_1_361' title='bbox 1117 3505 1265 3559; x_wconf 89' lang='lat' dir='ltr'>Plautinus</span> <span class='ocrx_word' id='word_1_362' title='bbox 1289 3508 1437 3559; x_wconf 91' lang='lat' dir='ltr'>noster..</span> 
     </span>
     <span class='ocr_line' id='line_1_37' title="bbox 220 3587 1439 3661; baseline 0.001 -18"><span class='ocrx_word' id='word_1_363' title='bbox 220 3587 277 3643; x_wconf 84' lang='lat' dir='ltr'>Sed</span> <span class='ocrx_word' id='word_1_364' title='bbox 301 3591 427 3659; x_wconf 88' lang='lat' dir='ltr'>exceptis</span> <span class='ocrx_word' id='word_1_365' title='bbox 455 3607 607 3661; x_wconf 89' lang='lat' dir='ltr'>operarum</span> <span class='ocrx_word' id='word_1_366' title='bbox 629 3591 737 3646; x_wconf 89' lang='lat' dir='ltr'>mendis</span> <span class='ocrx_word' id='word_1_367' title='bbox 760 3590 828 3644; x_wconf 90' lang='lat' dir='ltr'>nihil</span> <span class='ocrx_word' id='word_1_368' title='bbox 850 3590 1019 3661; x_wconf 83' lang='lat' dir='ltr'>mutabitur,</span> <span class='ocrx_word' id='word_1_369' title='bbox 1046 3591 1126 3646; x_wconf 89' lang='lat' dir='ltr'>cuius</span> <span class='ocrx_word' id='word_1_370' title='bbox 1144 3607 1201 3646; x_wconf 91' lang='grc'>666</span> <span class='ocrx_word' id='word_1_371' title='bbox 1218 3595 1247 3645; x_wconf 90' lang='grc'>16</span> <span class='ocrx_word' id='word_1_372' title='bbox 1265 3589 1369 3644; x_wconf 87' lang='lat' dir='ltr'>faciam</span> <span class='ocrx_word' id='word_1_373' title='bbox 1386 3605 1439 3659; x_wconf 90' lang='lat' dir='ltr'>per</span> 
     </span>
     <span class='ocr_line' id='line_1_38' title="bbox 218 3674 1437 3747; baseline 0.002 -19"><span class='ocrx_word' id='word_1_374' title='bbox 218 3674 328 3731; x_wconf 89' lang='lat' dir='ltr'>litteras</span> <span class='ocrx_word' id='word_1_375' title='bbox 347 3677 504 3733; x_wconf 89' lang='lat' dir='ltr'>certiorem.</span> <span class='ocrx_word' id='word_1_376' title='bbox 541 3677 583 3746; x_wconf 92' lang='lat' dir='ltr'>(C.</span> <span class='ocrx_word' id='word_1_377' title='bbox 602 3677 727 3732; x_wconf 92' lang='lat' dir='ltr'>Baronio</span> <span class='ocrx_word' id='word_1_378' title='bbox 747 3675 898 3732; x_wconf 80' lang='lat' dir='ltr'>Laeuinus</span> <span class='ocrx_word' id='word_1_379' title='bbox 918 3675 1099 3734; x_wconf 78' lang='lat' dir='ltr'>Torrentius.</span> <span class='ocrx_word' id='word_1_380' title='bbox 1134 3676 1437 3747; x_wconf 79' lang='grc' dir='ltr'><strong>Α61ν6161666.Κ61.</strong></span> 
     </span>
     <span class='ocr_line' id='line_1_39' title="bbox 219 3760 1194 3834; baseline 0.003 -18"><span class='ocrx_word' id='word_1_381' title='bbox 219 3760 375 3832; x_wconf 82' lang='lat' dir='ltr'>Septembr.</span> <span class='ocrx_word' id='word_1_382' title='bbox 395 3765 470 3820; x_wconf 86' lang='lat'>1588.</span> <span class='ocrx_word' id='word_1_383' title='bbox 497 3763 544 3819; x_wconf 88' lang='lat' dir='ltr'>Dc</span> <span class='ocrx_word' id='word_1_384' title='bbox 561 3762 655 3834; x_wconf 84' lang='lat' dir='ltr'>Ram,</span> <span class='ocrx_word' id='word_1_385' title='bbox 672 3765 783 3818; x_wconf 90' lang='lat' dir='ltr'>Lettres</span> <span class='ocrx_word' id='word_1_386' title='bbox 802 3764 838 3818; x_wconf 92' lang='lat' dir='ltr'>de</span> <span class='ocrx_word' id='word_1_387' title='bbox 855 3764 943 3818; x_wconf 90' lang='lat' dir='ltr'>Lacv.</span> <span class='ocrx_word' id='word_1_388' title='bbox 962 3764 1042 3818; x_wconf 89' lang='lat' dir='ltr'>Torr.</span> <span class='ocrx_word' id='word_1_389' title='bbox 1060 3781 1088 3834; x_wconf 94' lang='lat' dir='ltr'>p.</span> <span class='ocrx_word' id='word_1_390' title='bbox 1107 3765 1123 3819; x_wconf 94' lang='grc'><strong>7</strong></span> <span class='ocrx_word' id='word_1_391' title='bbox 1142 3765 1194 3834; x_wconf 91' lang='lat' dir='ltr'>sq.)</span> 
     </span>
    </p>

    <p class='ocr_par' dir='ltr' id='par_1_7' title="bbox 217 3847 1436 4181">
     <span class='ocr_line' id='line_1_40' title="bbox 324 3847 1436 3926; baseline -0.003 -21"><span class='ocrx_word' id='word_1_392' title='bbox 324 3847 345 3917; x_wconf 81' lang='lat'>⁹)</span> <span class='ocrx_word' id='word_1_393' title='bbox 373 3849 453 3905; x_wconf 88' lang='lat' dir='ltr'>Caes.</span> <span class='ocrx_word' id='word_1_394' title='bbox 481 3850 606 3905; x_wconf 90' lang='lat' dir='ltr'>Baronio</span> <span class='ocrx_word' id='word_1_395' title='bbox 633 3849 793 3920; x_wconf 84' lang='lat' dir='ltr'>Christoph.</span> <span class='ocrx_word' id='word_1_396' title='bbox 820 3847 991 3905; x_wconf 78' lang='lat' dir='ltr'>Plautinas.</span> <span class='ocrx_word' id='word_1_397' title='bbox 1022 3851 1110 3908; x_wconf 89' lang='lat' dir='ltr'>Antv.</span> <span class='ocrx_word' id='word_1_398' title='bbox 1138 3852 1179 3908; x_wconf 87' lang='lat'>19.</span> <span class='ocrx_word' id='word_1_399' title='bbox 1208 3848 1322 3906; x_wconf 86' lang='lat' dir='ltr'>Octobr.</span> <span class='ocrx_word' id='word_1_400' title='bbox 1351 3847 1436 3926; x_wconf 74' lang='grc' dir='ltr'><strong>1588ε</strong></span> 
     </span>
     <span class='ocr_line' id='line_1_41' title="bbox 220 3934 1435 4008; baseline 0 -20"><span class='ocrx_word' id='word_1_401' title='bbox 220 3935 316 4000; x_wconf 89' lang='lat' dir='ltr'>,Nunc</span> <span class='ocrx_word' id='word_1_402' title='bbox 333 3935 500 3990; x_wconf 80' lang='lat' dir='ltr'>Ternionem</span> <span class='ocrx_word' id='word_1_403' title='bbox 517 3953 603 3990; x_wconf 92' lang='lat' dir='ltr'>unum</span> <span class='ocrx_word' id='word_1_404' title='bbox 614 3937 815 4007; x_wconf 84' lang='lat' dir='ltr'>Martyrologii</span> <span class='ocrx_word' id='word_1_405' title='bbox 833 3936 877 3990; x_wconf 88' lang='lat' dir='ltr'>tui</span> <span class='ocrx_word' id='word_1_406' title='bbox 894 3936 990 3991; x_wconf 64' lang='grc' dir='ltr'>161116ιι</span> <span class='ocrx_word' id='word_1_407' title='bbox 1012 3942 1064 3993; x_wconf 88' lang='lat' dir='ltr'>etc.</span> <span class='ocrx_word' id='word_1_408' title='bbox 1082 3939 1208 3992; x_wconf 89' lang='lat' dir='ltr'>Antonio</span> <span class='ocrx_word' id='word_1_409' title='bbox 1231 3934 1342 4008; x_wconf 80' lang='lat' dir='ltr'>Talpac</span> <span class='ocrx_word' id='word_1_410' title='bbox 1354 3934 1435 3989; x_wconf 83' lang='lat' dir='ltr'>Caes.</span> 
     </span>
     <span class='ocr_line' id='line_1_42' title="bbox 218 4021 1435 4094; baseline 0 -20"><span class='ocrx_word' id='word_1_411' title='bbox 218 4021 365 4077; x_wconf 90' lang='lat' dir='ltr'>Baronius.</span> <span class='ocrx_word' id='word_1_412' title='bbox 391 4023 427 4076; x_wconf 90' lang='lat' dir='ltr'>Di</span> <span class='ocrx_word' id='word_1_413' title='bbox 445 4024 536 4078; x_wconf 88' lang='lat' dir='ltr'>Roma</span> <span class='ocrx_word' id='word_1_414' title='bbox 554 4023 573 4076; x_wconf 95' lang='lat' dir='ltr'>li</span> <span class='ocrx_word' id='word_1_415' title='bbox 592 4024 617 4078; x_wconf 87' lang='lat'>9.</span> <span class='ocrx_word' id='word_1_416' title='bbox 639 4024 668 4077; x_wconf 93' lang='lat' dir='ltr'>di</span> <span class='ocrx_word' id='word_1_417' title='bbox 687 4023 844 4078; x_wconf 89' lang='lat' dir='ltr'>Decembre</span> <span class='ocrx_word' id='word_1_418' title='bbox 863 4023 940 4092; x_wconf 82' lang='lat'>1588,</span> <span class='ocrx_word' id='word_1_419' title='bbox 962 4022 983 4076; x_wconf 93' lang='lat' dir='ltr'>li</span> <span class='ocrx_word' id='word_1_420' title='bbox 1000 4024 1042 4078; x_wconf 83' lang='grc'><strong>28.</strong></span> <span class='ocrx_word' id='word_1_421' title='bbox 1062 4025 1090 4078; x_wconf 91' lang='grc'>(11</span> <span class='ocrx_word' id='word_1_422' title='bbox 1109 4023 1238 4094; x_wconf 88' lang='lat' dir='ltr'>Gennajo</span> <span class='ocrx_word' id='word_1_423' title='bbox 1259 4021 1435 4093; x_wconf 77' lang='grc'><strong>15891191.</strong></span> 
     </span>
     <span class='ocr_line' id='line_1_43' title="bbox 217 4106 1125 4181; baseline 0.004 -21"><span class='ocrx_word' id='word_1_424' title='bbox 217 4107 246 4160; x_wconf 95' lang='lat' dir='ltr'>di</span> <span class='ocrx_word' id='word_1_425' title='bbox 263 4107 361 4177; x_wconf 90' lang='lat' dir='ltr'>Aprile</span> <span class='ocrx_word' id='word_1_426' title='bbox 381 4109 456 4163; x_wconf 90' lang='grc'><strong>1589.</strong></span> <span class='ocrx_word' id='word_1_427' title='bbox 474 4107 531 4178; x_wconf 87' lang='lat' dir='ltr'>(De</span> <span class='ocrx_word' id='word_1_428' title='bbox 548 4107 627 4164; x_wconf 80' lang='lat' dir='ltr'>Itum</span> <span class='ocrx_word' id='word_1_429' title='bbox 644 4127 672 4180; x_wconf 96' lang='lat' dir='ltr'>p.</span> <span class='ocrx_word' id='word_1_430' title='bbox 690 4112 720 4181; x_wconf 80' lang='lat'>83</span> <span class='ocrx_word' id='word_1_431' title='bbox 738 4106 862 4164; x_wconf 85' lang='lat' dir='ltr'>Albcric.</span> <span class='ocrx_word' id='word_1_432' title='bbox 881 4109 933 4179; x_wconf 93' lang='lat' dir='ltr'>Ill,</span> <span class='ocrx_word' id='word_1_433' title='bbox 951 4109 993 4164; x_wconf 91' lang='grc'><strong>37.</strong></span> <span class='ocrx_word' id='word_1_434' title='bbox 1011 4110 1054 4164; x_wconf 90' lang='grc'>39.</span> <span class='ocrx_word' id='word_1_435' title='bbox 1071 4108 1125 4178; x_wconf 74' lang='lat' dir='ltr'>to.)</span> 
     </span>
    </p>

    <p class='ocr_par' dir='ltr' id='par_1_8' title="bbox 325 4193 1434 4264">
     <span class='ocr_line' id='line_1_44' title="bbox 325 4193 1434 4264; baseline 0 -15"><span class='ocrx_word' id='word_1_436' title='bbox 325 4195 498 4263; x_wconf 81' lang='lat' dir='ltr'>&#39;⁰)·Bar0ni0</span> <span class='ocrx_word' id='word_1_437' title='bbox 518 4193 699 4251; x_wconf 77' lang='lat' dir='ltr'>Torrentius.</span> <span class='ocrx_word' id='word_1_438' title='bbox 736 4196 878 4264; x_wconf 91' lang='lat' dir='ltr'>Antverp.</span> <span class='ocrx_word' id='word_1_439' title='bbox 898 4197 938 4250; x_wconf 90' lang='lat'>13.</span> <span class='ocrx_word' id='word_1_440' title='bbox 956 4195 1047 4264; x_wconf 87' lang='lat' dir='ltr'>April.</span> <span class='ocrx_word' id='word_1_441' title='bbox 1074 4196 1149 4250; x_wconf 90' lang='grc'><strong>1589.</strong></span> <span class='ocrx_word' id='word_1_442' title='bbox 1185 4193 1233 4251; x_wconf 85' lang='lat' dir='ltr'>De</span> <span class='ocrx_word' id='word_1_443' title='bbox 1248 4193 1328 4250; x_wconf 83' lang='lat' dir='ltr'>Rara</span> <span class='ocrx_word' id='word_1_444' title='bbox 1346 4211 1373 4264; x_wconf 88' lang='lat' dir='ltr'>p.</span> <span class='ocrx_word' id='word_1_445' title='bbox 1393 4195 1434 4250; x_wconf 79' lang='grc'>19.</span> 
     </span>
    </p>

    <p class='ocr_par' dir='ltr' id='par_1_9' title="bbox 214 4279 1435 4700">
     <span class='ocr_line' id='line_1_45' title="bbox 326 4279 1435 4353; baseline -0.003 -16"><span class='ocrx_word' id='word_1_446' title='bbox 326 4283 356 4350; x_wconf 88' lang='lat'>¹¹)</span> <span class='ocrx_word' id='word_1_447' title='bbox 368 4281 448 4336; x_wconf 87' lang='lat' dir='ltr'>Caes.</span> <span class='ocrx_word' id='word_1_448' title='bbox 458 4283 582 4337; x_wconf 89' lang='lat' dir='ltr'>Baronio</span> <span class='ocrx_word' id='word_1_449' title='bbox 593 4283 762 4337; x_wconf 82' lang='lat' dir='ltr'>Franciscus</span> <span class='ocrx_word' id='word_1_450' title='bbox 775 4279 1005 4353; x_wconf 72' lang='lat' dir='ltr'>Rapheleapiur.</span> <span class='ocrx_word' id='word_1_451' title='bbox 1018 4281 1195 4352; x_wconf 86' lang='lat' dir='ltr'>Antverpiae</span> <span class='ocrx_word' id='word_1_452' title='bbox 1203 4283 1232 4336; x_wconf 91' lang='lat' dir='ltr'>in</span> <span class='ocrx_word' id='word_1_453' title='bbox 1241 4279 1435 4352; x_wconf 79' lang='lat' dir='ltr'>typographia</span> 
     </span>
     <span class='ocr_line' id='line_1_46' title="bbox 215 4368 1434 4439; baseline -0.001 -17"><span class='ocrx_word' id='word_1_454' title='bbox 215 4368 394 4424; x_wconf 89' lang='lat' dir='ltr'>Plantiniana</span> <span class='ocrx_word' id='word_1_455' title='bbox 407 4369 431 4423; x_wconf 92' lang='grc'><strong>7.</strong></span> <span class='ocrx_word' id='word_1_456' title='bbox 444 4369 486 4423; x_wconf 94' lang='lat' dir='ltr'>ld.</span> <span class='ocrx_word' id='word_1_457' title='bbox 499 4369 568 4424; x_wconf 87' lang='lat' dir='ltr'>Julii</span> <span class='ocrx_word' id='word_1_458' title='bbox 582 4371 664 4425; x_wconf 84' lang='grc'><strong>1589;</strong></span> <span class='ocrx_word' id='word_1_459' title='bbox 680 4369 765 4435; x_wconf 88' lang='lat' dir='ltr'>,Cum</span> <span class='ocrx_word' id='word_1_460' title='bbox 777 4369 839 4423; x_wconf 89' lang='lat' dir='ltr'>Deo</span> <span class='ocrx_word' id='word_1_461' title='bbox 850 4368 881 4423; x_wconf 90' lang='lat'>0.</span> <span class='ocrx_word' id='word_1_462' title='bbox 891 4369 926 4422; x_wconf 89' lang='lat' dir='ltr'>M.</span> <span class='ocrx_word' id='word_1_463' title='bbox 939 4369 1032 4423; x_wconf 85' lang='lat' dir='ltr'>visum</span> <span class='ocrx_word' id='word_1_464' title='bbox 1044 4369 1089 4439; x_wconf 92' lang='lat' dir='ltr'>sit,</span> <span class='ocrx_word' id='word_1_465' title='bbox 1099 4410 1106 4423; x_wconf 93' lang='lat'>.</span> <span class='ocrx_word' id='word_1_466' title='bbox 1117 4410 1123 4424; x_wconf 93' lang='lat'>.</span> <span class='ocrx_word' id='word_1_467' title='bbox 1136 4369 1231 4423; x_wconf 89' lang='lat' dir='ltr'>Avum</span> <span class='ocrx_word' id='word_1_468' title='bbox 1244 4373 1272 4423; x_wconf 92' lang='grc'>61</span> <span class='ocrx_word' id='word_1_469' title='bbox 1283 4372 1434 4437; x_wconf 87' lang='grc'><strong>66116666</strong></span> 
     </span>
     <span class='ocr_line' id='line_1_47' title="bbox 215 4443 1433 4526; baseline -0.001 -17"><span class='ocrx_word' id='word_1_470' title='bbox 215 4456 282 4510; x_wconf 90' lang='lat' dir='ltr'>mihi</span> <span class='ocrx_word' id='word_1_471' title='bbox 306 4455 480 4510; x_wconf 88' lang='lat' dir='ltr'>carissimum</span> <span class='ocrx_word' id='word_1_472' title='bbox 506 4461 572 4525; x_wconf 92' lang='lat' dir='ltr'>post</span> <span class='ocrx_word' id='word_1_473' title='bbox 593 4473 722 4512; x_wconf 91' lang='lat' dir='ltr'>emensos</span> <span class='ocrx_word' id='word_1_474' title='bbox 744 4456 846 4511; x_wconf 83' lang='lat' dir='ltr'>eximia</span> <span class='ocrx_word' id='word_1_475' title='bbox 867 4456 1029 4511; x_wconf 89' lang='lat' dir='ltr'>constantia</span> <span class='ocrx_word' id='word_1_476' title='bbox 1056 4443 1238 4526; x_wconf 75' lang='lat' dir='ltr'>septuaginta</span> <span class='ocrx_word' id='word_1_477' title='bbox 1260 4460 1288 4510; x_wconf 93' lang='lat' dir='ltr'>et</span> <span class='ocrx_word' id='word_1_478' title='bbox 1310 4455 1433 4525; x_wconf 86' lang='lat' dir='ltr'>quinque</span> 
     </span>
     <span class='ocr_line' id='line_1_48' title="bbox 214 4542 1433 4614; baseline 0 -18"><span class='ocrx_word' id='word_1_479' title='bbox 214 4542 318 4597; x_wconf 89' lang='lat' dir='ltr'>aetatis</span> <span class='ocrx_word' id='word_1_480' title='bbox 330 4558 420 4598; x_wconf 91' lang='lat' dir='ltr'>annos</span> <span class='ocrx_word' id='word_1_481' title='bbox 430 4583 436 4596; x_wconf 95' lang='lat'>.</span> <span class='ocrx_word' id='word_1_482' title='bbox 448 4584 453 4597; x_wconf 92' lang='lat'>.</span> <span class='ocrx_word' id='word_1_483' title='bbox 467 4543 604 4598; x_wconf 87' lang='lat' dir='ltr'>Kalendis</span> <span class='ocrx_word' id='word_1_484' title='bbox 614 4543 699 4598; x_wconf 88' lang='lat' dir='ltr'>Juliis</span> <span class='ocrx_word' id='word_1_485' title='bbox 712 4558 835 4597; x_wconf 87' lang='lat' dir='ltr'>evocare</span> <span class='ocrx_word' id='word_1_486' title='bbox 846 4583 870 4604; x_wconf 89' lang='lat'>..</span> <span class='ocrx_word' id='word_1_487' title='bbox 885 4542 932 4597; x_wconf 89' lang='lat' dir='ltr'>Ad</span> <span class='ocrx_word' id='word_1_488' title='bbox 944 4559 990 4598; x_wconf 90' lang='lat' dir='ltr'>res</span> <span class='ocrx_word' id='word_1_489' title='bbox 1003 4547 1069 4598; x_wconf 87' lang='lat' dir='ltr'>tuas</span> <span class='ocrx_word' id='word_1_490' title='bbox 1082 4544 1159 4613; x_wconf 91' lang='lat' dir='ltr'>quod</span> <span class='ocrx_word' id='word_1_491' title='bbox 1172 4543 1281 4614; x_wconf 88' lang='lat' dir='ltr'>attinet,</span> <span class='ocrx_word' id='word_1_492' title='bbox 1292 4543 1433 4612; x_wconf 88' lang='lat' dir='ltr'>Martyro-</span> 
     </span>
     <span class='ocr_line' id='line_1_49' title="bbox 214 4628 889 4700; baseline 0.003 -18"><span class='ocrx_word' id='word_1_493' title='bbox 214 4629 320 4698; x_wconf 80' lang='lat' dir='ltr'>logium</span> <span class='ocrx_word' id='word_1_494' title='bbox 333 4628 494 4684; x_wconf 90' lang='lat' dir='ltr'>absolutum</span> <span class='ocrx_word' id='word_1_495' title='bbox 508 4630 563 4684; x_wconf 90' lang='lat' dir='ltr'>scis</span> <span class='ocrx_word' id='word_1_496' title='bbox 577 4634 613 4700; x_wconf 93' lang='grc'>61,</span> <span class='ocrx_word' id='word_1_497' title='bbox 626 4633 658 4682; x_wconf 89' lang='grc'>61</span> <span class='ocrx_word' id='word_1_498' title='bbox 670 4645 763 4699; x_wconf 87' lang='grc'><strong>66616,</strong></span> <span class='ocrx_word' id='word_1_499' title='bbox 775 4628 889 4684; x_wconf 79' lang='lat' dir='ltr'>habes.“</span> 
     </span>
    </p>

    <p class='ocr_par' dir='ltr' id='par_1_10' title="bbox 146 4715 1433 4875">
     <span class='ocr_line' id='line_1_50' title="bbox 324 4715 1433 4786; baseline 0 -16"><span class='ocrx_word' id='word_1_500' title='bbox 324 4715 353 4784; x_wconf 82' lang='lat'>¹²)</span> <span class='ocrx_word' id='word_1_501' title='bbox 372 4715 452 4770; x_wconf 89' lang='lat' dir='ltr'>Cette</span> <span class='ocrx_word' id='word_1_502' title='bbox 471 4717 578 4770; x_wconf 80' lang='lat' dir='ltr'>edition</span> <span class='ocrx_word' id='word_1_503' title='bbox 596 4715 631 4770; x_wconf 91' lang='lat' dir='ltr'>dc</span> <span class='ocrx_word' id='word_1_504' title='bbox 648 4716 762 4774; x_wconf 89' lang='lat' dir='ltr'>Plantin</span> <span class='ocrx_word' id='word_1_505' title='bbox 778 4733 796 4770; x_wconf 92' lang='grc'>6</span> <span class='ocrx_word' id='word_1_506' title='bbox 813 4719 858 4772; x_wconf 76' lang='lat' dir='ltr'>tte</span> <span class='ocrx_word' id='word_1_507' title='bbox 874 4717 1039 4786; x_wconf 89' lang='lat' dir='ltr'>reproduite</span> <span class='ocrx_word' id='word_1_508' title='bbox 1057 4717 1122 4786; x_wconf 90' lang='lat' dir='ltr'>plus</span> <span class='ocrx_word' id='word_1_509' title='bbox 1144 4715 1229 4772; x_wconf 88' lang='lat' dir='ltr'>d’une</span> <span class='ocrx_word' id='word_1_510' title='bbox 1246 4715 1301 4770; x_wconf 84' lang='lat' dir='ltr'>fois</span> <span class='ocrx_word' id='word_1_511' title='bbox 1319 4731 1373 4786; x_wconf 91' lang='lat' dir='ltr'>par</span> <span class='ocrx_word' id='word_1_512' title='bbox 1391 4715 1433 4770; x_wconf 90' lang='lat' dir='ltr'>les</span> 
     </span>
     <span class='ocr_line' id='line_1_51' title="bbox 146 4800 1074 4875; baseline 0.002 -19"><span class='ocrx_word' id='word_1_513' title='bbox 146 4809 151 4822; x_wconf 91' lang='grc'><em>·</em></span> <span class='ocrx_word' id='word_1_514' title='bbox 213 4818 326 4872; x_wconf 89' lang='grc'><strong>6166666</strong></span> <span class='ocrx_word' id='word_1_515' title='bbox 338 4804 373 4857; x_wconf 93' lang='grc'>(16</span> <span class='ocrx_word' id='word_1_516' title='bbox 386 4803 467 4857; x_wconf 85' lang='grc' dir='ltr'><strong>Ρ6116</strong></span> <span class='ocrx_word' id='word_1_517' title='bbox 480 4807 508 4858; x_wconf 91' lang='grc'>61</span> <span class='ocrx_word' id='word_1_518' title='bbox 521 4803 556 4856; x_wconf 91' lang='grc'>(16</span> <span class='ocrx_word' id='word_1_519' title='bbox 570 4801 704 4874; x_wconf 86' lang='lat' dir='ltr'>Colognc.</span> <span class='ocrx_word' id='word_1_520' title='bbox 724 4800 741 4875; x_wconf 95' lang='lat'><em>(</em></span> <span class='ocrx_word' id='word_1_521' title='bbox 739 4805 882 4875; x_wconf 70' lang='lat' dir='ltr'>Metaque</span> <span class='ocrx_word' id='word_1_522' title='bbox 895 4803 912 4858; x_wconf 93' lang='lat' dir='ltr'>l.</span> <span class='ocrx_word' id='word_1_523' title='bbox 928 4819 950 4857; x_wconf 89' lang='lat' dir='ltr'>c.</span> <span class='ocrx_word' id='word_1_524' title='bbox 963 4819 990 4872; x_wconf 90' lang='lat' dir='ltr'>p.</span> <span class='ocrx_word' id='word_1_525' title='bbox 1004 4803 1074 4874; x_wconf 90' lang='grc'><strong>149.)</strong></span> 
     </span>
    </p>
   </div>
   <div class='ocr_carea' id='block_1_3' title="bbox 0 0 1680 5484">
    <p class='ocr_par' dir='ltr' id='par_1_11' title="bbox 0 0 1680 5484">
     <span class='ocr_line' id='line_1_52' title="bbox 0 0 1680 5484; baseline 0 8"><span class='ocrx_word' id='word_1_526' title='bbox 0 0 1680 5484; x_wconf 95' lang='lat' dir='ltr'> </span> 
     </span>
    </p>
   </div>
  </div>
 </body>
</html>
