3350 5484
784 363 845 427 102

211 515 477 582 emendationem.
526 514 663 601 ,Hinc,“
688 515 802 599 inquit,
828 537 911 602 ,non
933 513 1077 600 defuere,
1100 515 1154 598 qui
1175 515 1306 584 huiusce
1330 514 1421 582 liber·

209 618 285 684 tatis
315 625 497 703 praetextu,
532 619 682 686 leviorem
715 619 876 702 quandam
903 618 1038 686 Romani
1064 619 1282 705 Martyrologii
1313 640 1420 688 reeen-

209 723 332 790 sionem
354 723 488 789 obtineri
511 743 607 809 posse
629 725 779 809 putarint.
823 724 895 789 Nou
918 723 1016 807 enim,
1049 731 1084 789 ut
1105 725 1168 808 ipsi
1190 725 1334 809 aiebant,
1366 730 1422 791 aut

210 829 326 894 Nostro
358 828 504 910 oonsilio,
539 833 595 892 aut
624 829 740 894 Nostro
768 827 801 892 id
828 834 986 911 repugnat
1015 827 1159 894 instituto
1187 829 1227 895 de
1254 827 1421 896 servandis

211 931 458 998 correctionibus
491 930 615 1017 pridem
648 934 780 1016 habitis3
818 930 977 1015 siqnidem
1010 931 1102 998 unius
1131 932 1182 1000 vel
1208 932 1339 999 alterius
1361 931 1422 998 loci

210 1035 386 1102 immutatio
409 1054 510 1118 usque
533 1035 616 1102 adeo
639 1036 719 1104 levis
743 1044 805 1122 est,
829 1043 863 1102 ut
885 1035 972 1100 nullo
994 1041 1049 1100 aut
1070 1035 1137 1101 fere
1159 1035 1246 1102 nullo
1268 1035 1423 1103 habeatur

210 1138 244 1204 in
266 1139 398 1224 pretio.“

314 1243 386 1308 Jam
409 1261 484 1308 vero
507 1242 540 1308 in
563 1263 659 1328 opere
682 1242 722 1308 de
746 1243 917 1310 Servorum
940 1243 1002 1308 Dei
1024 1241 1264 1308 Beatificatione
1287 1247 1319 1307 et
1334 1243 1422 1310 Beat.

212 1345 461 1412 Oanonizatione
495 1348 531 1412 L.
556 1350 609 1414 lV.
641 1348 676 1412 P.
699 1349 741 1412 ΙΙ.
773 1369 801 1415 c.
831 1353 870 1415 17
898 1367 930 1412 n.
959 1352 978 1414 a
1007 1354 1039 1413 et
1062 1345 1138 1432 10⁹)
1172 1345 1253 1438 haec
1276 1346 1324 1420 ,ad
1356 1366 1421 1412 rem

211 1455 351 1514 nostram
391 1451 598 1518 continentur.
655 1454 773 1518 Auctor
810 1459 1019 1538 posteaquam
1054 1451 1099 1537 (n.
1131 1449 1240 1536 4-8)
1274 1450 1423 1516 eximiam

210 1555 424 1620 Romanorum
447 1555 636 1624 Pontificum
659 1557 870 1646 diligentiam,
893 1563 927 1622 ut
943 1560 1091 1622 accurata
1113 1552 1203 1620 fieret
1225 1559 1257 1620 et
1279 1553 1424 1620 omnibus

212 1657 351 1723 numeris
382 1659 530 1727 absoluta
563 1660 659 1728 editio
690 1660 911 1747 Martyrclogii
943 1658 1093 1743 Romani,
1128 1657 1279 1741 ostendit,
1316 1678 1425 1726 eorum

214 1759 315 1832 inlicit
341 1762 548 1850 mentionem,
582 1767 634 1850 qui
658 1765 762 1832 adhuc
784 1767 816 1830 in
840 1764 952 1831 eodem
975 1760 1203 1848 Martyrologio
1235 1761 1430 1828 contendunt

218 1885 342 1932 errores
366 1887 535 1952 superesse
558 1869 774 1954 corrigendos.
816 1871 884 1936 Nec
905 1867 1103 1954 potissimum
1126 1864 1232 1949 agitur
1253 1865 1295 1933 de
1316 1869 1428 1933 errori-

133 1971 135 1988 '
212 1971 272 2036 bus
294 1971 348 2060 qui
370 1970 511 2038 incuriae
532 1980 587 2038 aut
608 1973 749 2040 malitiae
771 1971 1089 2059 typographorum,³)
1112 1969 1172 2036 sed
1194 1971 1248 2053 qui
1270 1970 1426 2056 composi·

213 2075 333 2141 toribus
365 2079 397 2140 et
428 2078 658 2144 correctoribus
689 2077 825 2144 Romani
857 2075 1077 2162 Martyrologii
1109 2073 1249 2140 adscribi
1281 2079 1425 2160 possunt.

212 2179 344 2244 Praeter
365 2178 507 2245 fictitiam
523 2188 629 2248 autem
644 2181 883 2267 Xynuridem,⁴)
907 2181 995 2247 cuius
1011 2179 1098 2244 nulla
1120 2178 1256 2263 amplius
1278 2176 1427 2244 habenda

214 2289 264 2347 est
294 2281 389 2366 ratio,
423 2283 616 2352 Benedictus
649 2285 798 2370 exempla
829 2282 1011 2351 istiusmodi
1045 2282 1106 2349 tria
1139 2281 1232 2348 affert
1261 2281 1297 2347 S.
1328 2280 1428 2347 Firmi

214 2387 426 2468 Tagastensis
450 2389 517 2474 (31.
540 2388 637 2476 lul),
671 2389 704 2455 S.
729 2387 887 2454 Theodoti
918 2385 1092 2454 Laodiceni
1120 2387 1165 2473 (2.
1188 2387 1373 2470 Novembr.)
1396 2393 1429 2452 et

214 2490 448 2557 Translationis
464 2491 497 2558 S.
514 2492 748 2558 Bartholomaei
772 2496 838 2576 (25.
855 2491 1017 2576 August).
1054 2489 1130 2556 dam
1147 2490 1175 2556 si
1190 2487 1427 2574 Borrandianu)

215 2593 331 2659 factam
355 2615 375 2659 a
397 2583 535 2660 Batonis
557 2595 589 2662 in
613 2597 841 2684 Martyrologio
864 2598 1007 2662 Romano
1033 2595 1267 2680 appositionem
1289 2594 1427 2659 nominis

214 2699 313 2764 Firmi
335 2699 514 2784 improbare
535 2701 695 2788 videntur,
727 2703 845 2788 quippe
867 2700 953 2784 quod
974 2701 1006 2765 in
1029 2699 1115 2766 nullo
1138 2699 1201 2766 alio
1223 2695 1428 2784 praecedenti

214 2803 442 2887 Martyrologio
465 2804 637 2890 legeretur,
670 2807 863 2872 luculentum
890 2804 1069 2871 sanctitatis
1092 2803 1189 2869 Firmi
1213 2801 1428 2870 testimonium

215 2905 390 2974 desumitur
412 2929 452 2974 ex
468 2909 501 2976 S.
517 2910 737 2997 Augustino‚⁶)
761 2909 814 2994 qui
834 2912 1069 2992 Tagastensem
1093 2906 1277 2993 episcopum
1299 2905 1428 2972 nomine

215 3010 354 3078 Firmum
382 3012 552 3079 firmiorem
579 3015 741 3081 voluntate
767 3014 882 3099 luisse,
916 3014 991 3080 licet
1011 3031 1142 3097 passum
1166 3011 1265 3076 multa
1287 3007 1428 3094 corporis

215 3119 385 3198 tormenta,
418 3124 536 3184 narrat.
583 3119 640 3184 Sin
667 3137 743 3184 vero
769 3117 952 3204 Valesius&
984 3116 1102 3200 aliique
1129 3113 1288 3180 Theodoti
1319 3121 1428 3199 utpote

215 3219 404 3286 Arianarunr
435 3222 572 3305 partium
603 3221 766 3308 praecipui
798 3220 931 3286 fautoris
954 3241 1070 3287 nomen
1092 3217 1264 3286 delendum
1287 3239 1306 3284 e
1328 3217 1429 3284 sacris
1534 3280 1538 3287 .

215 3324 332 3389 tabulis
355 3330 480 3408 putant,
514 3325 707 3411 Episcopum
730 3325 946 3392 Laodicenum
969 3324 1035 3390 Arii
1062 3323 1217 3389 fautorem
1239 3343 1303 3388 non
1326 3321 1429 3388 Theo·

217 3427 340 3511 dotum,
363 3428 421 3493 sed
443 3427 645 3496 Theodorum
669 3429 769 3496 fuisse
790 3429 985 3515 appellatum
1009 3427 1171 3512 Labbeus,
1196 3425 1376 3494 Bossartius
1399 3431 1431 3490 et

216 3531 399 3598 Harduinus
415 3540 559 3618 censent;
582 3533 767 3601 Theodotus
783 3542 889 3600 autem
905 3533 969 3618 ille,
993 3553 1087 3615 quem
1103 3530 1260 3598 Eusebius
1268 3531 1296 3617 ⁸)
1318 3528 1429 3596 laudat

218 3641 249 3700 et
280 3635 370 3701 cuius
403 3643 554 3721 tanquam
588 3638 756 3706 sanctitate
790 3637 952 3723 conspicui
985 3636 1103 3702 mentio
1136 3635 1270 3702 habetur
1301 3635 1364 3700 iam
1396 3633 1429 3699 in

217 3739 446 3822 antiquioribus
462 3741 709 3828 Martyrologiis,
729 3750 871 3808 mortuus
887 3749 945 3825 est,
966 3746 1137 3824 antequam
1153 3739 1296 3808 haeresis
1312 3738 1431 3804 Ariana

216 3843 343 3928 prodiit.
399 3845 485 3928 Ergo
519 3867 578 3914 nec
612 3847 645 3912 in
675 3847 782 3914 Firmo
817 3867 877 3912 nec
907 3845 941 3912 in
971 3843 1138 3912 Theodoto
1170 3842 1430 3929 Martyrolugium

217 3948 392 4015 Romanum
426 3951 540 4018 erroris
571 3953 663 4035 argui
691 3959 723 4018 et
750 3950 835 4035 quod
868 3949 972 4016 eidem
1005 3949 1173 4034 opponitur
1203 3947 1298 4014 facile
1329 3944 1431 4012 refelli

217 4073 314 4140 posse
341 4060 476 4122 constat.
521 4056 564 4122 At
584 4056 677 4122 aliter
703 4075 755 4122 res
781 4075 818 4121 se
839 4053 937 4120 habet
958 4051 1064 4137 quoad
1092 4051 1332 4118 translationem
1359 4047 1430 4115 reli·

219 4159 362 4240 quiarum
393 4178 451 4224 seu
483 4159 623 4244 corporis
647 4159 681 4224 S.
698 4147 938 4224 ⁸Bartholomaei
964 4155 1111 4242 Apostoli
1132 4177 1154 4222 a
1176 4154 1305 4222 civitate
1332 4154 1431 4219 Bene·

218 4269 357 4328 ventana
390 4261 432 4328 ad
466 4262 599 4348 Urbem,
643 4282 738 4345 quam
775 4261 981 4327 vehementer
1016 4259 1217 4344 impugnavit
1253 4257 1432 4326 cardinalis

218 4365 403 4432 Vincentius
430 4366 533 4432 Maria
560 4366 694 4448 Ursinus
726 4365 860 4450 primum
887 4363 1154 4450 Archiepiscopus
1176 4365 1431 4442 Beneventanus,

219 4469 336 4536 deinde
358 4469 400 4536 ad
423 4492 579 4538 summum
602 4469 823 4538 Pontificatum
847 4476 976 4536 evectus
998 4469 1126 4534 nomine
1149 4464 1313 4534 Benedicti
1337 4466 1431 4531 Xlll.

219 4574 251 4638 in
276 4573 500 4642 dissertatione
524 4575 565 4642 de
588 4575 742 4658 Beliquiis
766 4575 799 4640 S.
822 4573 1058 4640 Bartholomaei
1086 4573 1173 4640 edita
1195 4572 1290 4640 etiam
1313 4571 1433 4638 Romae

221 4681 305 4744 1724
327 4678 361 4744 in
383 4678 570 4764 appendice
596 4679 638 4745 ad
666 4678 840 4746 Concilium
873 4678 1016 4762 quintum
1047 4676 1243 4763 provinciale
1272 4677 1433 4744 Beneven-

220 4783 388 4868 tanum.⁸²)
434 4781 519 4862 Quid
546 4803 621 4850 vero
649 4782 690 4850 de
717 4782 777 4850 hae
804 4788 836 4850 et
861 4781 933 4848 aliis
961 4781 1179 4848 consimilibus
1210 4777 1433 4848 controversiis
