3350 5484
787 365 914 426 901

199 513 250 568 sed
267 514 394 567 nonnulli
410 514 522 584 quidem
542 531 604 570 cum
621 517 755 571 llilduino
773 514 959 584 contendunt,
985 532 1056 570 vera
1075 532 1137 571 esse
1156 519 1263 586 omnia,
1292 531 1365 585 quac
1382 516 1412 570 in

199 599 282 654 dictis
303 601 472 656 lectionibus
497 601 672 670 referuntur3
702 601 828 654 nonnulli
849 617 920 655 vero
945 601 980 656 de
1006 619 1104 656 eorum
1130 603 1253 657 veritate
1281 602 1412 658 dubitant

199 703 262 739 cum
282 682 428 758 Greporio
455 685 630 756 Pleromati,
657 691 685 741 et
708 686 875 756 Dionysium
901 692 1004 756 putant
1025 689 1054 742 in
1073 689 1181 744 Gallias
1209 690 1322 743 missum
1349 705 1412 743 esse

198 777 325 842 tempore
343 774 422 828 Decii
442 775 624 843 Imperatoris
644 773 719 828 circa
738 773 860 828 medium
883 775 1026 830 saeculum
1049 776 1178 846 tertium,
1204 775 1327 844 ideoque
1345 775 1412 828 Dio-

134 849 137 856 ’
197 859 308 928 nysium
326 861 513 916 Parisiensem
530 862 701 930 Episcopum
718 876 775 913 non
794 869 856 914 esse
868 861 1036 931 Dionysium
1048 862 1249 917 Atheniensem
1261 878 1311 916 sen
1323 861 1412 915 Areo-

198 946 339 1017 pagitam3
370 948 418 1002 alii
441 948 563 1017 denique
589 947 683 1002 media
710 947 834 1015 quadam
854 947 904 1001 via
927 947 1092 1016 gradientes
1117 949 1286 1018 Dionysium
1314 947 1412 1016 utique

198 1032 385 1087 Parisicnsem
403 1033 554 1088 admittunt
572 1034 714 1088 diversum
732 1049 794 1087 esse
813 1033 850 1088 ab
868 1033 1059 1104 Areopagita‚
1086 1035 1137 1089 sed
1154 1038 1248 1089 tamen
1268 1051 1285 1088 a
1303 1033 1331 1090 S.
1351 1034 1412 1090 Cle·

198 1124 290 1174 mente
302 1121 330 1174 in
344 1119 453 1175 Gallias
472 1121 595 1192 missum,
612 1119 848 1190 quemadmodum
866 1119 957 1174 videri
975 1126 1072 1189 potest
1089 1121 1118 1175 in
1136 1122 1293 1176 novissima
1310 1121 1412 1176 disser-

165 1197 169 1205 ⁴
198 1207 306 1260 tatione
323 1205 416 1278 Papit'
433 1207 551 1262 iunioris
569 1208 725 1276 praemissa
743 1210 809 1260 tom.
826 1205 852 1260 4.
871 1207 1011 1261 Breviarii
1031 1207 1201 1262 Pontificum
1219 1208 1411 1263 Romanorum

198 1291 385 1361 (Antverpiae
405 1294 491 1362 1727).
509 1294 688 1348 -Palmam
706 1297 800 1348 autem
818 1309 888 1362 prae
907 1293 1027 1348 caeteris
1044 1298 1169 1348 meretur
1187 1293 1411 1348 Commentarius

127 1398 131 1406 .
198 1379 233 1432 dc
252 1378 280 1433 S.
298 1379 438 1448 Dionysio
463 1379 642 1450 Areopagita
664 1381 715 1449 Ep.
738 1381 773 1434 M.
796 1380 825 1432 in
849 1381 930 1434 Actis
954 1379 1123 1435 Sanctorum
1146 1380 1245 1435 Octob.
1264 1381 1343 1434 Tcm.
1362 1380 1411 1434 IV.

16 1513 19 1520 ,
81 1499 83 1507 ι
198 1465 241 1520 ed.
263 1461 445 1520 Carneadea
468 1468 533 1522 Par.
552 1468 628 1522 1866.
646 1485 674 1536 p.
692 1468 743 1521 696
762 1483 816 1536 sq.,
843 1467 922 1520 cuius
946 1471 1046 1522 auctor
1064 1467 1102 1520 ad
1121 1467 1331 1522 conclusionem
1348 1482 1411 1535 per·

197 1551 284 1622 venit,
303 1552 381 1621 quod
397 1552 551 1624 Dionysius
570 1552 748 1626 Areopagita
766 1569 784 1610 a
802 1553 955 1610 Parisiensi
974 1553 1128 1610 certissime
1147 1557 1191 1609 est
1209 1553 1347 1608 diversus.

747 1908 857 1991 LIV.

304 2182 395 2268 „Non
411 2182 559 2266 equidem
576 2181 750 2264 Gregorius
765 2179 860 2246 XIII.
877 2183 978 2249 multa
998 2181 1097 2250 laude
1118 2181 1260 2264 alioquin
1283 2179 1411 2266 dignus,

198 2290 391 2370 postremam
428 2286 663 2354 Ecclesiasticis
701 2287 819 2354 tabulis
856 2287 1112 2354 emendationem
1150 2285 1308 2370 decrevit,
1353 2284 1411 2350 sed

199 2395 350 2472 quantum
367 2387 478 2476 potuit,
503 2389 691 2456 emendatas
713 2391 842 2476 prodire
865 2393 996 2476 curavit,
1019 2412 1079 2458 nco
1094 2411 1219 2456 omnem
1243 2387 1412 2454 exhaurire

197 2493 312 2578 potuit,
348 2514 442 2577 quam
465 2493 562 2560 habet
584 2495 729 2561 Romana
752 2494 855 2561 Sedes
877 2496 911 2561 in
934 2493 1158 2562 examinandis
1182 2492 1410 2560 ecclesiasticis

198 2597 303 2682 libris,
330 2599 560 2664 auctoritatem.
612 2600 661 2663 Ita
684 2599 830 2664 acerrimi
852 2599 961 2666 iudicii
982 2597 1130 2665 Pontifex
1151 2596 1301 2662 Urbanus
1314 2595 1410 2672 vili.

198 2708 306 2767 nostro
330 2702 458 2769 saeculo
481 2701 723 2788 demonstravit,
751 2704 804 2787 qui
828 2702 1003 2790 Sulpicium
1027 2703 1181 2768 Severum
1204 2721 1245 2767 ex
1267 2702 1411 2767 Romano

197 2806 425 2891 Martyrologio
457 2807 641 2893 expunxit.“
686 2807 783 2874 Hisce
812 2808 919 2876 verbis
945 2805 1135 2872 Francisous
1158 2805 1260 2870 Maria
1282 2805 1411 2871 Floren-

199 2909 312 2996 tiuius,
345 2909 528 2995 praeclarus
558 2909 741 2976 vetustioris
772 2910 992 2996 Martyrologii
1019 2909 1175 2976 ecclesiae
1204 2908 1411 2975 occidentalis

199 3013 302 3080 editor
326 3014 524 3102 Lucensis,')
557 3013 748 3100 praecipuae
771 3013 885 3080 alludit
914 3011 1130 3080 emendationi
1155 3033 1175 3077 a
1199 3011 1411 3082 reformatori-

195 3117 258 3183 'bus
281 3102 501 3204 Martyrologii
524 3118 715 3202 Gregoriani
739 3119 798 3184 suh
821 3119 951 3184 Urbano
974 3117 1060 3183 VIlI.
1083 3115 1206 3201 factae,
1235 3118 1285 3184 oui
1308 3117 1411 3182 lucem

122 3225 124 3230 '
199 3221 347 3306 afferunt,
377 3221 514 3304 quaein
538 3220 655 3288 Codice
677 3221 892 3306 manuscripto
917 3225 1000 3288 1240
1023 3219 1240 3302 Bibliothecae
1262 3219 1411 3287 Barbeti-

200 3326 350 3411 nianael)
366 3332 580 3392 recensentur.
605 3325 730 3390 Etenim
747 3327 779 3390 in
796 3325 1052 3408 Con'grcgatione
1067 3323 1120 3390 die
1137 3326 1189 3391 27.
1205 3345 1247 3390 m.
1263 3323 1287 3390 J
1289 3324 1412 3390 anuarii

202 3433 284 3498 1628
308 3449 414 3496 coram
438 3427 601 3494 Cardinali
624 3433 665 3494 de
687 3431 804 3495 Torres
827 3428 950 3519 habita,
974 3428 1024 3496 oui
1046 3434 1173 3515 praeter
1196 3429 1277 3496 alios
1302 3429 1411 3495 Portu-

198 3539 292 3600 natus
316 3529 490 3619 scacchos,
523 3533 786 3601 Bartholomaeus
809 3533 988 3618 Cavantus,
1023 3533 1191 3599 Terentius
1206 3533 1357 3600 'Aloiatus
1380 3539 1413 3598 et

198 3637 343 3704 Hilarion
364 3638 475 3704 Abhas
497 3645 628 3705 sanctae
652 3639 761 3704 Crucis
784 3637 816 3703 in
839 3637 1054 3722 Jerusalem³)
1077 3637 1303 3722 interfuerunt,
1325 3642 1410 3721 post·

199 3763 295 3825 quam
317 3748 408 3809 vetus
432 3742 570 3826 elogium
595 3765 635 3810 ex
657 3742 884 3828 Martyrologio
912 3744 1001 3808 iussu
1028 3740 1174 3826 Gregorii
1197 3740 1293 3806 ΧΙΙΙ.
1317 3739 1409 3806 casti-

199 3852 275 3930 gato
296 3847 427 3913 Januar.
440 3851 482 3914 29
506 3847 638 3935 („Apud
660 3847 816 3913 Biturioas
839 3846 942 3913 sancti
965 3844 1093 3930 Sulpitii
1115 3843 1228 3910 Severi
1249 3842 1410 3928 Episcopi,

200 3950 348 4037 discipuli
375 3952 478 4019 sancti
499 3951 640 4036 Martini,
673 3939 840 4018 virtutibus
864 3957 896 4017 et
918 3949 1096 4017 eruditione
1119 3948 1319 4034 conspicui“)
1341 3967 1411 4032 pro·

200 4053 328 4121 drictum
352 4061 448 4140 atque
470 4055 553 4122 inter
567 4057 649 4122 Acta
670 4055 806 4122 relatum
828 4062 886 4137 est,
910 4053 951 4120 de
967 4054 1080 4120 eodem
1104 4053 1306 4121 Correctores
1328 4051 1412 4118 hano

198 4160 338 4226 tulerunt
368 4159 572 4242 sententiam,
611 4159 700 4226 cuius
730 4167 873 4226 tenorem
904 4179 969 4225 una
1000 4179 1069 4225 cum
1102 4157 1343 4244 probationibus
1371 4175 1412 4221 ex

198 4264 350 4332 historica
385 4265 567 4332 narratione
600 4264 727 4332 Codicis
761 4263 982 4330 Barberiniani
1014 4263 1109 4330 nullis
1143 4261 1333 4346 ambagibus
1364 4255 1410 4326 ir'r·

199 4370 308 4436 voluta
328 4369 400 4436 heic
421 4368 557 4436 reddere
583 4367 714 4434 iuvabit.
761 4367 957 4454 „Videbatur
977 4366 1039 4434 hoc
1063 4367 1134 4433 loco
1156 4366 1212 4450 agi
1233 4365 1275 4432 de
1296 4387 1335 4434 eo
1358 4367 1436 4453 qui,

200 4474 327 4560 scripsit
349 4475 448 4541 vitam
471 4474 573 4541 sancti
594 4471 767 4560 Martini,⁴)
799 4472 853 4556 qui
875 4477 982 4538 tamen
1005 4477 1146 4538 mortuus
1170 4475 1219 4536 est
1241 4471 1412 4557 Presbyter
1505 4523 1507 4527 v

200 4601 263 4646 non
290 4580 483 4666 Episcopus,
518 4585 550 4646 et
576 4576 688 4645 incidit
713 4576 745 4642 in
775 4595 898 4642 errores
931 4575 1079 4659 Origenis
1107 4579 1139 4640 et
1164 4573 1301 4658 Pelagii,
1336 4574 1412 4663 licet

200 4682 376 4769 resipuerit,
400 4683 533 4750 testibus
556 4681 735 4766 Gennadio,
757 4681 951 4748 Bellarmino
966 4680 1007 4747 de
1024 4677 1236 4764 scriptoribus
1251 4678 1411 4744 Ecclesia·

200 4787 297 4873 stiois,
321 4792 353 4854 et
367 4787 504 4855 Baronio
519 4787 553 4854 in
568 4785 756 4854 Annalibus.
788 4786 862 4851 Fuit
876 4785 958 4851 alius
972 4784 1065 4852 huius
1080 4781 1217 4848 nominis
1232 4783 1410 4871 Episcopus
