3350 5484
826 332 868 398 62

239 488 352 552 octavo
374 485 448 550 Kal.
471 485 590 571 Aprilis
611 485 645 551 iu
667 481 895 568 Martyrologio
917 481 1004 549 iacta
1026 483 1174 570 displicet
1198 484 1376 570 friguerat,
1400 484 1455 568 qni

213 579 298 653 ¹sua
330 588 534 673 computandi
570 589 694 656 ratione
731 606 827 670 quam
865 586 1029 672 praedicat
1057 587 1269 654 manifestam
1307 587 1454 654 inductus

240 690 273 756 S.
296 691 444 759 Latronis
470 692 586 760 festum
619 691 729 758 statuit
761 691 877 757 cadere
898 691 932 756 in
955 695 1007 758 26.
1032 691 1118 758 diem
1145 691 1264 776 Martii,
1298 699 1455 775 quatenus

240 814 302 876 quo
324 816 408 860 anno
435 791 578 862 Christus
604 815 720 884 passus
748 795 803 880 sit,
835 793 961 861 Pascha
981 795 1014 860 in
1037 799 1090 862 28.
1113 794 1220 861 Martii
1245 783 1394 862 inciderit
1415 815 1456 861 ac

211 899 372 983 proinde
396 899 466 966 dies
487 901 684 966 Paraseeves
707 898 801 966 fuerit
817 898 854 964 d.
880 901 932 966 26.
955 919 996 964 m.
1020 898 1168 984 Martii.⁴)

349 1175 366 1238 'l
385 1173 441 1229 Oh.
459 1175 607 1244 Patrolog.
626 1173 706 1229 Ours.
725 1175 826 1244 compl.
845 1174 889 1230 ed.
907 1171 1017 1246 Miqrte.
1044 1172 1105 1229 Ser.
1122 1175 1185 1228 Lat.
1203 1175 1234 1228 T.
1253 1136 1360 1229 xxxl.
1387 1176 1453 1230 Par.

239 1261 315 1316 1846.
331 1279 359 1330 p.
377 1263 412 1316 25
430 1277 472 1331 sq.
499 1261 653 1330 Dionysius
675 1262 818 1317 Petavius.
845 1263 911 1318 Von
929 1256 1084 1318 b'tcrtortilc.
1115 1259 1189 1314 Grau
1209 1261 1285 1315 1876.
1303 1278 1330 1330 p.
1349 1261 1391 1315 50.

343 1347 364 1416 ²)
382 1347 518 1402 Mendosa
537 1352 581 1402 est
598 1347 739 1417 scriptura
757 1349 953 1416 („0ccaniae“)
972 1348 1073 1416 Raym.
1092 1341 1235 1400 Albert‘ct't‘
1252 1345 1317 1412 (III,
1337 1347 1407 1412 164).

347 1434 368 1502 ³)
387 1433 444 1488 Gfr.
469 1433 498 1489 S.
522 1431 671 1488 Ambrosii
688 1434 800 1493 Mediol.
825 1434 896 1503 Opp.
919 1434 963 1488 ed.
981 1435 1046 1488 Par.
1066 1433 1141 1488 1845.
1171 1434 1202 1488 T.
1221 1433 1259 1489 ΙΙ.
1288 1435 1359 1490 Pars
1376 1437 1454 1505 post

130 1569 134 1582 ‚
237 1537 265 1589 p.
285 1520 335 1576 742
362 1520 461 1590 (Epist.
480 1520 494 1573 I
515 1520 590 1575 inter
612 1520 757 1590 Epistulas
780 1535 815 1574 ex
838 1519 1099 1574 Ambrosianarum‘
1116 1536 1234 1575 numero
1261 1527 1453 1595 segregatas):
1510 1519 1512 1524 '

240 1607 458 1674 „Perseveravit
486 1607 553 1676 ipsa·
580 1606 746 1662 Constantia
778 1605 903 1676 Augusti
931 1605 991 1660 tilia
1017 1606 1046 1660 in
1072 1606 1252 1678 virginitate,
1288 1625 1339 1678 per
1368 1625 1454 1679 quam

237 1693 343 1747 multae
360 1692 487 1762 virgines
505 1696 534 1746 et
550 1693 708 1747 mediocres
726 1695 755 1747 et
777 1692 887 1747 nobiles
906 1696 935 1746 et
952 1692 1077 1746 illustres
1096 1709 1179 1747 sacra
1196 1695 1340 1749 velamine
1358 1711 1453 1750 susce·

191 1815 194 1824 ι
237 1783 364 1850 perunt.“
402 1779 491 1844 Quam
513 1795 584 1834 vero
606 1779 788 1848 —inquiunt
812 1778 936 1832 editores
956 1769 1137 1833 ¹Benedictiui
1155 1810 1189 1819 -
1211 1779 1267 1834 hoc
1288 1797 1394 1836 vanum
1418 1797 1453 1836 ac

240 1866 322 1921 sutile
350 1866 398 1936 sit,
428 1881 463 1920 ex
490 1865 655 1936 Hieronymi
682 1863 865 1934 cognoscitur
890 1863 1065 1934 testimonio,
1094 1864 1144 1919 ubi
1168 1865 1209 1920 sic
1232 1866 1272 1920 ait
1298 1867 1398 1936 (Epist.
1417 1867 1453 1922 de

237 1953 370 2008 leudibus
382 1951 557 2017 Marcellaet:
577 1951 678 2018 „Nulla
691 1966 724 2006 eo
737 1954 865 2019 tempore
877 1949 1013 2004 nobilium
1032 1948 1197 2005 feminarum
1208 1956 1334 2006 voverat
1345 1952 1453 2007 Romae

236 2038 414 2107 propositum
432 2036 643 2108 monachorum,
661 2053 714 2092 nec
727 2037 853 2092 audebat
870 2040 988 2106 propter
1000 2035 1040 2090 rei
1053 2037 1210 2092 novitatem
1227 2038 1454 2108 ignominiosum,

237 2129 269 2179 ut
294 2128 362 2178 tunc
388 2124 557 2194 putabatur,
587 2129 616 2180 et
641 2123 702 2179 vile
727 2124 756 2177 in
783 2123 899 2192 populis
924 2137 1027 2178 nomen
1054 2128 1222 2179 assumere.“
1263 2125 1342 2195 Ergo
1365 2125 1389 2178 si
1407 2125 1453 2178 cui

236 2208 389 2264 Ambrosio
415 2209 567 2264 tribuenda
591 2210 645 2265 erit
666 2209 738 2264 haec
764 2210 901 2282 epistola,
931 2225 1079 2264 censuram
1106 2211 1307 2279 amplectemur
1333 2209 1453 2265 Joannis

237 2295 358 2350 Bandini
386 2296 424 2350 ad
451 2296 606 2366 marginem
633 2296 759 2352 eiusdem
785 2297 926 2366 epistolae
952 2296 981 2350 in
1002 2295 1144 2350 Vaticano
1172 2296 1271 2351 codice
1298 2300 1453 2368 exaratam,

237 2382 313 2436 unde
331 2397 393 2436 eam
417 2383 508 2437 amica
534 2399 619 2438 manu
647 2383 817 2452 descriptam
843 2382 993 2438 habuimus
1014 2382 1043 2436 in
1066 2381 1138 2438 haec
1164 2382 1266 2438 verba:
1306 2383 1385 2450 „Non
1409 2389 1454 2439 est

238 2466 384 2521 Ambrosii
411 2467 643 2540 Mediolanensis‚
672 2470 723 2524 sed
745 2469 862 2524 alterius
888 2469 1035 2524 cuiusdam
1060 2467 1204 2524 Ambrosii
1230 2469 1375 2541 monachi,
1404 2471 1453 2539 qui

238 2553 313 2609 hunc
331 2569 489 2612 sermonem
507 2555 617 2610 Graece
636 2555 756 2626 scripsit.
792 2555 894 2610 Exstat
910 2555 940 2609 in
957 2555 1132 2611 bibliotheca
1142 2543 1303 2627 Vaticana,
1329 2560 1358 2611 et
1375 2561 1453 2626 post·

241 2641 355 2696 modum
373 2641 401 2694 in
419 2641 547 2695 Latinam
566 2641 693 2712 linguam
711 2658 868 2698 conversus
886 2647 929 2698 est
947 2643 984 2698 ab
1003 2643 1085 2698 alio.“

344 2727 364 2794 ⁴)
387 2727 443 2782 Ofr.
468 2725 635 2796 Frtectttet,
665 2729 766 2786 Gesch.
791 2729 842 2784 des
865 2729 976 2784 Lebens
1000 2729 1071 2786 Jesu
1094 2729 1157 2785 Chr.
1181 2746 1216 2784 m.
1240 2729 1406 2801 chronolog.
1423 2747 1452 2786 u.

240 2814 308 2868 and.
333 2813 433 2869 histor.
460 2813 722 2888 Untersuchungen.
758 2813 878 2870 Breslau
900 2816 975 2872 1855.
993 2832 1020 2884 p.
1039 2817 1090 2872 132
1107 2833 1148 2886 sq.
1184 2814 1301 2888 chlct·‚
1328 2815 1453 2873 Chrono-

237 2899 365 2970 logisehe
384 2899 509 2972 Splitter.
528 2903 563 2957 D.
581 2903 687 2959 Pielxar
706 2903 781 2959 1878.
799 2921 827 2974 p.
848 2903 880 2957 12
899 2918 940 2972 sq.

797 3265 911 3394 xn.

264 3595 266 3604 ’
338 3597 485 3666 Omnium
522 3599 624 3666 instar
653 3618 750 3666 unum
782 3598 922 3684 allegavi
952 3599 1139 3686 Hieronymi
1171 3599 1212 3666 de
1243 3599 1276 3664 la
1305 3599 1448 3684 Higuera

234 3702 456 3769 documentum
479 3701 652 3786 epistolare
674 3710 920 3790 repraesentans
943 3704 1082 3790 speciem
1105 3704 1281 3770 litterarum
1300 3703 1335 3768 in
1350 3719 1457 3771 causa.

233 3805 453 3892 Martyrologii
475 3805 517 3872 ad
539 3805 710 3872 Baronium
734 3805 912 3893 missarum,
944 3807 986 3874 de
1008 3807 1121 3892 quihus
1143 3808 1232 3874 iuvat
1252 3807 1286 3872 in
1308 3806 1448 3872 medium

233 3909 374 3996 proferre
410 3910 509 3976 verba
546 3908 711 3975 Benedicti
747 3907 833 3976 XIV.
871 3899 961 3978 haec.
1017 3911 1080 3996 „Ut
1110 3910 1242 3978 sacrae“
1273 3948 1315 3960 -
1347 3910 1450 3994 inquit

235 4013 384 4079 Summus
419 4013 566 4080 Pontifex
582 4013 607 4100 ¹)
639 4051 683 4062 -
715 4013 923 4098 „eruditionis
960 4035 999 4081 ae
1034 4013 1250 4096 Theologicae
1286 4011 1448 4079 facultatis

234 4115 341 4183 studia
376 4117 480 4201 magis
516 4117 714 4201 excolantur,
754 4117 946 4183 instituimus
978 4115 1186 4184 Academiam
1224 4115 1337 4198 quavis
1368 4115 1449 4182 feria

233 4219 376 4286 secunda
403 4221 553 4304 cuiusque
584 4219 795 4286 hebdomadis
823 4239 929 4286 coram
951 4221 1051 4287 Nobis
1075 4219 1271 4303 habendam,
1302 4224 1337 4284 ut
1359 4225 1448 4303 quot·

138 4351 139 4356 ¹
234 4323 380 4406 quoted
407 4344 478 4390 eam
511 4324 702 4390 conveniunt
733 4324 818 4390 docti
849 4345 888 4390 ac
918 4331 1120 4410 praestantes
1151 4323 1225 4408 viri,
1263 4327 1348 4388 stata
1378 4323 1448 4390 vice

233 4433 329 4509 atque
364 4425 477 4493 ordine
512 4447 588 4494 suas
625 4427 692 4494 sive
724 4427 765 4493 de
795 4427 1023 4494 Ecclesiastico
1058 4429 1200 4494 Historia
1235 4426 1305 4492 sire
1341 4425 1382 4492 de
1412 4444 1448 4491 re

232 4530 395 4614 Liturgioa
417 4530 485 4596 sive
508 4531 605 4597 etiam
627 4529 668 4596 de
691 4531 798 4598 Sacris
826 4532 1007 4598 canonibus
1030 4551 1069 4598 ao
1090 4529 1293 4616 Theologicis
1325 4536 1448 4596 contro·

233 4633 346 4700 versiis
384 4632 547 4719 proferant
582 4633 828 4702 lucubrationes.
882 4636 930 4701 Ex
967 4635 1017 4702 his
1053 4633 1215 4719 nonnulli,
1254 4632 1309 4717 qui
1344 4633 1447 4700 soluto

234 4743 391 4804 conventu
412 4736 455 4803 ad
476 4737 603 4823 privata
629 4737 789 4822 colloquia
810 4759 831 4806 a
851 4739 951 4808 Nobis
974 4739 1194 4826 admittuntur,
1225 4737 1326 4805 Nobis
1348 4737 1446 4822 signi·
