3350 5484
822 324 864 386 CO

234 469 423 558 calumnias,
461 471 616 540 Batonius
653 468 815 540 contextui
851 476 1111 543 commentarium
1143 477 1237 546 solito
1268 478 1447 546 uberiorem

234 573 407 659 subiunxit,
439 573 472 642 in
495 595 558 658 quo
582 597 622 644 ex
644 577 834 644 testimoniis
862 577 998 644 Victoris
1025 587 1057 646 et
1083 581 1216 648 aliorum
1250 589 1368 650 certam
1392 605 1447 650 ex-

233 679 453 764 ploratamque
480 679 572 746 reddi
597 679 737 747 ostendit
762 698 872 746 veram
895 681 1116 768 sinceramque
1144 685 1314 754 Africanae
1334 689 1446 756 Eccle-

152 840 155 845 .
235 783 304 848 siae
330 803 400 848 cum
426 785 572 849 Romana
602 785 918 878 communicationem
949 807 1121 872 numquam
1156 792 1363 878 interruptam
1394 795 1447 860 vel

234 885 431 974 intercisam,
464 907 589 954 necnon
610 889 757 956 technam
780 888 903 973 detegit
924 895 956 956 et
977 892 1081 977 aperit
1100 894 1307 980 imposturam
1330 895 1447 962 Isidori

234 991 432 1076 Mercatoris,
473 991 527 1075 qui
558 992 686 1058 nomine
724 993 877 1060 Bonifacii
910 982 1033 1080 Papae
1052 998 1184 1064 secundi
1215 998 1258 1064 ad
1288 999 1447 1066 Eulalium

235 1094 419 1180 episcopum
449 1095 701 1163 Alexandrinum
733 1096 936 1183 epistolam³)
969 1099 1133 1188 confinxit,
1173 1124 1236 1187 qua
1265 1101 1390 1187 dicitur,
1426 1125 1447 1170 a

234 1200 429 1284 temporibus
460 1198 614 1266 Bonifacii
643 1207 675 1266 et
703 1199 875 1266 Caelestini
901 1201 1119 1270 Romanorum
1152 1205 1338 1272 Pontificum
1364 1206 1446 1272 Afri-

234 1323 347 1369 canam
371 1303 539 1370 ecclesiam
562 1323 661 1389 opera
682 1303 805 1370 Aurelii
826 1304 968 1390 episcopi
992 1305 1253 1393 Carthaginensis
1275 1309 1448 1378 schismate

234 1404 370 1472 divisam
387 1427 466 1473 esse
488 1407 529 1474 ah
553 1407 698 1474 Ecclesia
719 1409 866 1474 Romana
887 1429 947 1475 nec
970 1409 1100 1478 ulterius
1121 1413 1173 1499 illi
1195 1413 1447 1480 communicasse

235 1531 336 1594 usque
370 1511 413 1578 ad
443 1519 588 1598 tempora
621 1511 777 1578 Bonifacii
810 1511 921 1597 Papae
955 1514 1101 1599 secundi,
1140 1515 1270 1600 quando
1303 1515 1446 1582 Eulalius

234 1614 404 1701 episeopus
431 1615 692 1716 Carthaginensis
719 1636 777 1701 pro
804 1615 945 1682 ineunda
976 1617 1147 1686 concordia
1174 1624 1206 1686 et
1228 1617 1448 1705 recuperanda
1503 1699 1508 1710 Ι

200 1737 202 1739 ·
233 1721 397 1786 Romanae
427 1721 592 1790 Ecclesiae
623 1719 844 1816 communione
874 1720 1016 1787 libellum
1042 1721 1253 1808 supplicem⁴)
1284 1723 1447 1810 praedicto

232 1819 398 1892 Bonifacio
430 1825 580 1892 obtulerit
601 1845 646 1891 ao
662 1825 709 1891 sic
731 1823 773 1890 ad
796 1825 1050 1891 communionem
1081 1824 1251 1912 redierit.⁵)
1298 1825 1447 1894 Attamen

234 1929 423 1996 latissimam
454 1928 595 2006 Baronii
613 1927 654 1994 de
680 1927 911 2014 Episcoporum
943 1928 1242 2016 Carthaginensium
1274 1929 1338 1996 fide
1361 1937 1393 1997 et
1414 1933 1447 1996 in

235 2032 352 2100 Sedem
384 2033 602 2120 Apostolioam
633 2031 816 2098 obedientia
846 2031 1085 2099 adnotationem
1113 2032 1235 2116 legenti
1258 2039 1290 2100 et
1310 2034 1447 2101 Victoris

234 2135 463 2220 delegatione
493 2136 536 2202 ad
566 2138 743 2202 Romanum
775 2134 960 2202 Pontificem
995 2135 1095 2203 missa
1125 2136 1311 2204 relationem
1346 2138 1448 2204 consi·
1547 2189 1550 2196 .
1657 2151 1658 2160 ¹

234 2240 359 2307 deranti
380 2241 433 2306 Fr.
456 2240 623 2308 Vincentio
645 2238 825 2306 Justiniano
853 2241 989 2306 occurrit
1019 2239 1149 2307 dubium
1176 2241 1223 2307 sic
1246 2261 1448 2326 expressum:

238 2343 294 2431 ,Si
316 2350 390 2411 tunc
412 2344 445 2411 in
469 2345 526 2410 illa
546 2343 715 2410 Provincia
737 2350 828 2434 erant
853 2343 1006 2430 Episcopi
1028 2348 1060 2410 et
1081 2344 1264 2430 Presbyteri
1291 2343 1447 2430 catholici,

235 2455 268 2514 et
298 2467 362 2512 non
394 2447 606 2530 schismatici3
644 2445 721 2530 quid
752 2467 886 2514 necesse
917 2446 976 2512 fuit
1006 2449 1140 2514 Romam
1170 2470 1228 2534 pro
1256 2449 1448 2534 Presbytero

234 2551 276 2617 ad
309 2551 452 2618 Gentiles
484 2552 557 2618 illos
589 2549 801 2636 baptizandos
832 2551 1020 2635 mittere?“;
1058 2554 1116 2636 qui
1139 2551 1267 2636 quidem
1299 2551 1401 2619 nodus
1428 2574 1449 2618 a

233 2654 371 2720 Barcnio
393 2655 426 2720 in
448 2655 625 2722 Annalibus
633 2653 660 2741 ⁶)
684 2655 804 2740 optime
827 2660 876 2721 est
898 2653 1081 2722 dissolutus.
1181 2665 1183 2669 '

339 2758 373 2824 S.
400 2756 573 2824 Melanium
604 2759 670 2845 (22.
700 2757 843 2847 Octobr.)
874 2758 974 2825 fuisse
1005 2759 1178 2826 secundum
1211 2758 1299 2826 sedis
1329 2759 1448 2825 Rotho-

233 2862 397 2947 magensis
428 2861 611 2948 episcopum
638 2885 668 2930 a.
692 2867 755 2932 265
787 2865 993 2947 subrogatum
1017 2863 1057 2929 S.
1073 2863 1217 2947 Nicasio,
1252 2883 1347 2946 quem
1373 2863 1449 2930 illuc

234 2969 366 3034 missum
388 2989 409 3034 a
431 2967 596 3035 Clemente
617 2970 707 3035 Rom.
730 2966 883 3056 Pontiiioe
914 2966 1079 3034 declarant
1105 2967 1234 3033 tabulae
1257 2967 1325 3034 eius
1348 2967 1445 3034 eccle·

234 3072 303 3141 siae
325 3072 433 3159 (Mart.
457 3092 486 3138 a.
510 3070 542 3138 d.
557 3075 617 3143 111.
643 3072 796 3158 Octobr),
827 3070 914 3138 haud
937 3071 1093 3138 immerito
1116 3071 1241 3138 videtur
1262 3071 1461 3139 incredibile.

236 3175 431 3242 Justiniano.

338 3279 485 3364 Denique
506 3278 592 3346 idem
615 3298 685 3345 cum
709 3277 801 3344 Surio
823 3299 935 3364 parum
958 3281 1130 3347 convenire
1158 3299 1356 3364 censuraque
1379 3280 1448 3365 dig-

234 3405 308 3450 num
338 3384 512 3469 existimat,
527 3431 529 3434 .
545 3382 630 3467 quod
652 3383 805 3449 asseritur
828 3377 883 3469 (hl.
906 3403 936 3448 a.
960 3381 992 3448 d.
1014 3387 1045 3450 4.
1068 3384 1255 3470 Novembr.)
1282 3384 1447 3452 Emericus

234 3488 317 3554 inter
347 3487 483 3555 Sanctus
516 3487 635 3554 relatus
668 3505 741 3554 esse
772 3506 837 3552 una
868 3507 953 3552 cum·
967 3487 1000 3552 S.
1030 3485 1193 3571 Stephano
1224 3487 1448 3572 Hungarorum

234 3609 311 3672 rege
343 3591 411 3656 eius
437 3597 527 3676 patre
549 3613 570 3657 a
591 3591 765 3658 Benedicto
787 3591 877 3675 Papa
899 3597 1026 3670 octavo,
1059 3595 1112 3674 qui
1134 3589 1236 3658 dictus
1260 3598 1310 3658 est
1330 3612 1446 3676 nonus3

235 3693 379 3776 quamvis
393 3693 487 3778 Surii,
507 3694 639 3778 quinon
653 3693 695 3762 de
710 3695 953 3762 canonizatione
967 3694 1076 3760 sedda
1090 3695 1270 3762 elevatione
1281 3715 1447 3781 corporum

236 3796 295 3864 SS.
312 3795 467 3885 Stephani
485 3805 517 3865 et
531 3799 669 3866 Emerici
690 3799 837 3884 loquitur,
861 3799 1033 3866 auctoritas
1048 3797 1134 3865 haud
1150 3798 1192 3864 sit
1206 3797 1448 3882 irrefragabilis.

244 4043 247 4049 ¹
345 4059 362 4130 ¹)
386 4055 513 4116 Victoris
531 4055 659 4115 Vitcuao‘s
675 4058 801 4113 Historia
814 4057 1024 4112 Persecutionis
1036 4057 1152 4113 Africae
1164 4058 1334 4114 Provinciae
1351 4058 1412 4114 Lib.
1425 4058 1448 4112 Ι.

212 4217 215 4223 Ι
236 4162 259 4200 o.
280 4147 313 4200 10
331 4161 372 4215 sq.
391 4145 436 4200 ed.
454 4146 545 4201 Paris.
564 4145 640 4200 1847.
658 4163 685 4215 p.
705 4145 756 4200 193
775 4160 816 4214 sq.

341 4232 363 4301 ²)
382 4231 399 4286 l.
418 4248 442 4286 c.
461 4247 484 4286 c.
504 4232 545 4286 11.
563 4247 591 4300 p.
610 4232 669 4286 196.

341 4317 362 4386 ³)
381 4314 497 4373 Isidori
512 4315 688 4374 Mercatoris
710 4315 902 4372 Decretalium
920 4315 1061 4371 Collectio
1080 4315 1123 4372 ed.
1143 4311 1254 4386 Mipae.
1289 4317 1354 4370 Par.
1374 4317 1449 4371 1853.

235 4423 263 4475 p.
273 4406 341 4462 1065
354 4421 395 4475 sq.
418 4403 549 4475 Epistola
566 4403 706 4460 Bonifacii
718 4404 816 4472 Papae
835 4402 1026 4457 ad-Eulalium
1044 4402 1267 4457 Alexandrinum
1285 4402 1449 4470 episcopum

178 4509 181 4515 Δ
235 4492 271 4546 de
283 4491 514 4548 reconciliatione
533 4489 763 4562 Carthaginensis
781 4489 928 4544 Ecclesiae
947 4488 1064 4544 directa.
1096 4489 1183 4554 „Olim
1196 4493 1224 4542 et
1236 4488 1273 4542 ab
1285 4487 1381 4541 initio“
1396 4491 1450 4542 ete.

342 4579 361 4648 ⁴)
379 4579 532 4648 Exemplar
558 4594 673 4648 precum
700 4574 805 4630 Eulalii
828 4580 856 4630 et
878 4575 983 4631 Justini
1010 4575 1146 4646 principis
1173 4573 1302 4630 Orientis.
1340 4574 1450 4642 ,Prima

236 4664 313 4718 salus
326 4668 384 4719 est“
399 4668 452 4720 etc.
470 4665 535 4720 Dat.
555 4668 660 4719 octavo
679 4663 800 4718 Kalend.
819 4662 958 4732 Octobris,
975 4661 1176 4717 Valentiniano
1189 4661 1226 4717 ΙΙ,
1245 4664 1274 4726 et
1286 4659 1385 4716 Oreste
1397 4659 1447 4715 lV.

236 4749 400 4810 consulibus
418 4751 447 4822 (l.
467 4766 491 4807 c.
509 4767 537 4823 p.
556 4751 624 4806 1066
643 4749 694 4819 sq.)
1201 4763 1204 4769 ’
