3350 5484
843 352 884 417 53

257 503 479 573 Notationibus
501 505 644 574 difficilia
665 505 826 592 ridentur,
860 505 1042 574 summatim
1064 506 1220 592 proponit.
1266 507 1314 572 Ac
1334 506 1470 592 primum

258 608 386 692 quidem
425 611 564 695 quinque
595 610 815 696 Martyrologii
845 609 918 678 loca
947 610 1129 678 lustiniano
1163 609 1393 676 dubitationem
1425 609 1470 674 in-

257 712 377 780 liciunt.
422 713 517 792 Quod
539 717 624 784 enim

365 818 400 902 a)
423 817 453 884 d.
478 823 529 886 18.
555 819 700 886 Octobris
722 817 756 884 S.
773 818 880 884 Lucae
900 818 1129 902 Evangelistae
1151 838 1227 886 ossa
1248 817 1471 884 Constantino-

258 921 356 1006 polim
388 922 544 988 translata
570 928 602 989 et
628 921 702 990 inde
732 923 900 988 Patavium
932 921 1040 988 delata
1070 921 1230 1006 dicuntur,
1266 921 1328 989 hoc
1358 940 1471 1006 parum

259 1023 362 1091 solide
386 1025 538 1094 affirmari
567 1032 672 1113 putat,
705 1032 861 1109 quatenus
889 1024 1069 1092 cardinalis
1099 1025 1272 1092 Bessarion
1293 1026 1326 1091 in
1349 1031 1471 1092 contro-

160 1121 162 1126 ’
259 1130 365 1196 versia
404 1131 486 1196 inter
528 1130 715 1196 coenobium
759 1130 964 1196 venetiarum
1000 1132 1037 1196 Β.
1075 1131 1138 1197 Job
1175 1135 1207 1198 et
1243 1131 1471 1198 monasterium

260 1233 293 1298 S.
316 1234 462 1300 Justinae
493 1240 581 1300 mota
611 1253 703 1300 secus
734 1233 871 1299 senserit
897 1238 929 1299 et
955 1233 1141 1301 decreverit.
1186 1236 1305 1300 Atvero
1337 1241 1471 1318 constat,

258 1337 432 1404 Patavinos
463 1358 580 1404 causae
611 1357 704 1421 suae,
742 1357 837 1420 quam
868 1357 927 1423 per
951 1339 1210 1424 provocationem
1240 1338 1327 1425 apud
1353 1337 1472 1405 Sedem

260 1440 477 1526 Apostolioam
503 1440 663 1526 prosecuti
686 1447 772 1525 sunt,
804 1440 890 1506 haud
911 1441 997 1508 levia
1018 1443 1213 1527 comperisse
1235 1450 1398 1510 momenta
1419 1443 1472 1509 iis·

260 1564 321 1626 que
358 1544 449 1610 inniti
486 1543 694 1628 sententiam,
736 1563 831 1626 quam
868 1545 983 1612 saltem
1020 1545 1175 1614 indirecte
1211 1547 1472 1632 Martyrologium

260 1647 492 1731 Gregorianum
523 1647 556 1712 in
587 1668 622 1714 re
652 1648 716 1713 ista
746 1667 829 1731 quae
860 1649 989 1715 saeculo
1019 1649 1081 1716 XV
1116 1649 1253 1736 perstitit
1288 1650 1471 1735 iniudicata‚

259 1771 317 1835 pro
338 1749 502 1817 Patavinis
525 1757 557 1817 et
579 1758 689 1818 contra
710 1753 851 1820 Venetos
873 1752 985 1836 tulitl)
1031 1753 1088 1820 Sin
1111 1761 1217 1820 autem

363 1855 397 1941 b)
420 1860 533 1922 octavo
559 1856 632 1922 Kal.
659 1855 830 1924 Novembr.
863 1856 922 1922 SS.
947 1856 1166 1943 Chrysanthus
1198 1864 1230 1925 et
1257 1859 1358 1924 Dario
1389 1879 1473 1924 com-

260 1966 473 2025 memorantur
495 1960 573 2026 iussi
589 1981 609 2026 a
623 1960 816 2026 Numeriano
839 1959 1036 2045 Imperatore
1059 1961 1112 2027 via
1127 1961 1255 2029 Salaria
1269 1964 1303 2028 in
1320 1961 1473 2029 Arenario

260 2063 378 2148 deponi
410 2069 506 2146 atque
532 2062 598 2130 illio
624 2063 768 2129 virentes
796 2069 882 2129 terra
904 2069 937 2130 et
958 2063 1118 2150 lapidibus
1146 2065 1278 2152 obrui,³)
1309 2065 1395 2132 haud
1416 2066 1474 2130 im-

261 2167 373 2233 merito
394 2166 598 2233 Justinianus
620 2166 783 2233 haesitans
806 2167 939 2252 quaerit,
963 2168 1122 2251 quomodo
1141 2168 1175 2233 id
1195 2170 1357 2236 conciliari
1379 2177 1475 2254 queat

261 2292 330 2336 eum
358 2271 573 2356 praefatorum
599 2272 772 2357 Martyrum
796 2272 884 2338 Actis
907 2274 1004 2338 etiam
1026 2293 1047 2338 a
1068 2274 1207 2340 Barcnio
1235 2275 1361 2359 relatis,
1391 2295 1474 2358 quae

261 2377 441 2461 conscripta
463 2375 629 2443 traduntur
643 2394 664 2441 a
678 2375 795 2442 Verino
817 2382 852 2453 et
872 2376 1033 2462 Armenio,
1057 2378 1253 2463 preshyteris
1269 2379 1302 2444 S.
1320 2378 1475 2464 Stephani

261 2481 369 2564 Papae
391 2479 498 2566 multis
520 2479 613 2545 annis
636 2484 711 2546 ante
732 2479 917 2546 Numeriani
941 2487 1085 2566 tempora
1106 2482 1313 2550 aValerianc
1336 2485 1475 2569 Impera-

260 2589 329 2649 tore
350 2583 500 2669 Martyris
523 2583 637 2650 effecti.
955 2599 958 2606 ’

227 2701 234 2716 ·
365 2688 395 2773 c)
418 2673 459 2754 Ι).
488 2691 540 2758 23.
568 2688 757 2755 Novembris
788 2687 923 2754 refertur
949 2687 982 2754 S.
1014 2687 1187 2780 Clementis
1218 2689 1327 2775 Papae
1359 2709 1473 2774 corpus

260 2791 393 2856 Romam
415 2791 548 2858 Nicolao
570 2792 673 2876 primo
694 2791 847 2858 Pontifice
869 2791 968 2858 fuisse
990 2795 1187 2860 translatum.
1231 2796 1369 2860 Reontra
1390 2795 1475 2860 Ana·

260 2893 379 2961 stasius
417 2893 679 2962 Bibliotheoarius
715 2896 957 2963 Constantinum
992 2895 1218 2983 Philosophum
1250 2899 1384 2963 Romam
1415 2899 1475 2964 sub

262 2998 425 3065 Hadriano
451 2998 573 3065 iuniore
599 3001 689 3086 Papa
719 3001 847 3067 venisse
874 3001 1047 3084 Sanctique
1070 2999 1244 3067 Clementis
1268 3021 1381 3086 corpus
1405 3001 1476 3068 sedi

261 3121 340 3168 suae
370 3103 548 3170 restituisse
579 3109 696 3170 narrat.
742 3104 914 3172 Anastasio
945 3111 1051 3170 autem
1078 3110 1230 3188 tanquam
1253 3105 1379 3171 oculato
1400 3103 1476 3172 testi

262 3207 366 3290 magis
382 3206 574 3274 credendum
591 3227 664 3275 esse
680 3209 725 3274 ait
739 3208 939 3275 Justinianus
960 3229 1056 3294 quam
1071 3206 1234 3274 Breviario
1249 3208 1475 3293 Polonorum⁴)

262 3313 327 3375 tum
353 3311 411 3376 IX.
438 3310 543 3375 Martii
572 3310 604 3376 in
628 3311 747 3397 Oyrillo
774 3319 806 3378 et
833 3311 1007 3397 Methodio‚
1039 3318 1105 3378 tum
1132 3312 1254 3377 XXllI.
1286 3312 1476 3378 Novembris

261 3414 295 3479 in
318 3414 481 3484 Clemente
512 3436 570 3500 per
597 3416 767 3482 Baronium
800 3419 910 3500 citato,
943 3415 1027 3500 quod
1054 3422 1161 3482 tamen
1184 3414 1259 3481 dum
1283 3415 1341 3481 SS.
1365 3415 1477 3500 Oyrilli

263 3524 295 3584 et
315 3518 469 3584 Methodii
492 3527 590 3605 opera
612 3540 726 3606 corpus
749 3519 783 3584 S.
808 3519 980 3586 Clementis
1002 3520 1136 3586 Romam
1159 3519 1259 3586 fuisse
1282 3518 1421 3584 delatum
1445 3525 1477 3584 et

263 3621 297 3686 in
318 3624 453 3688 basilica
480 3625 514 3689 S.
539 3622 711 3690 Clementis
743 3623 941 3690 reconditum
972 3622 1087 3708 innuit,
1124 3623 1222 3690 etiam
1248 3621 1475 3708 Martyrologio

263 3725 427 3792 adversari
449 3726 614 3813 videtur.⁶)

367 3829 403 3913 d)
425 3831 582 3917 Displicet
604 3830 798 3916 Justiniano,
830 3830 923 3897 tertio
945 3831 1054 3898 Nonas
1078 3831 1264 3898 Decembris
1288 3827 1321 3894 S.
1343 3825 1476 3894 Lucium

263 3933 401 4018 Angliae
431 3937 553 4020 Regem
583 3935 799 4018 confessorem
832 3935 988 4021 appellari
1019 3942 1051 4001 et
1081 3936 1115 4002 in
1146 3935 1227 4003 serie
1260 3932 1476 4000 confessorum

263 4039 353 4124 poni,
389 4039 507 4124 quippe
537 4058 631 4123 quem
659 4049 701 4107 ex
723 4038 887 4106 Ecclesiae
917 4039 1117 4124 Anglicanae
1148 4037 1328 4124 Trophaeis
1355 4037 1477 4102 Romae

263 4143 391 4208 excusis
414 4149 529 4226 arguat
549 4144 583 4210 iu
598 4143 803 4212 Germaniam
825 4144 1055 4228 propagandae
1077 4143 1153 4210 fidei
1175 4142 1280 4226 gratia
1301 4140 1477 4227 profectum

264 4253 297 4313 et
330 4246 445 4312 Curiae
477 4245 671 4334 Episcopum
705 4248 839 4331 factum,
880 4254 953 4333 post
986 4247 1213 4334 lapidationem
1250 4267 1271 4311 a
1300 4245 1476 4312 furentibus

264 4350 404 4434 Paganis
438 4349 578 4417 occisum
611 4351 752 4438 fnisse.⁶)
806 4351 1006 4418 Confessoris
1039 4371 1115 4417 vero
1149 4348 1312 4436 epitheton
1345 4349 1410 4414 iam
1443 4349 1477 4414 in

264 4455 404 4522 editione
427 4454 630 4521 Plautiniana
652 4461 702 4521 est
723 4455 886 4523 omissum.
1003 4467 1005 4472 ’

370 4561 401 4642 e)
424 4559 623 4626 Duodecimo
650 4559 723 4625 Kal.
751 4560 883 4626 lanuar.
913 4557 997 4640 quod
1021 4556 1135 4624 dicitur
1162 4558 1198 4624 Β.
1222 4558 1366 4624 Thomae
1392 4557 1474 4642 Apo

265 4664 338 4730 stoli
372 4685 486 4750 corpus
520 4663 682 4732 Orthonae
715 4663 839 4748 haberi,
885 4663 1066 4730 Justiniano
1103 4661 1368 4732 considerandum
1405 4679 1477 4726 esse

264 4767 402 4854 videtur,
435 4791 477 4838 an
508 4769 612 4853 magis
641 4789 659 4837 e
686 4789 721 4835 re
748 4767 921 4836 christiana
953 4772 1040 4833 esset
1070 4765 1105 4832 id
1136 4765 1263 4832 silentio
1298 4764 1475 4850 praeteriri.
