3350 5484
818 374 838 435 6

226 521 396 589 Ghisilerio
408 522 565 589 Theatino
581 529 613 589 ct
623 523 867 590 Bartholomaeo
882 523 1029 588 Garanto
1044 523 1278 608 Barnabitae.¹)
1302 525 1441 592 Boontra

169 703 171 710 Ι
225 625 422 707 Augustinus
437 625 577 692 Tbeiner
595 626 627 691 in
643 627 820 692 Annalibus
835 627 1069 693 Ecclesiasticis
1085 648 1113 690 a.
1130 649 1159 691 a.
1180 631 1261 693 1584
1277 649 1308 691 n.
1326 629 1439 711 137:¹¹)

227 730 317 810 „Hoc
347 728 509 814 demum‚“
544 730 659 814 iuquit,
695 752 799 815 „auno
830 728 1050 815 Martyrologii
1081 731 1215 795 Romani
1247 729 1438 814 emendatio,

225 853 320 915 quam
336 833 492 899 Batonius
512 839 621 900 noster
640 853 758 916 magna
778 855 847 900 oum
867 833 1043 918 diligentia,
1066 834 1251 917 ingentique
1270 835 1318 900 sui
1339 836 1438 900 nomi-

225 936 275 1001 nis
298 935 410 1021 gloria,
433 937 565 1002 Summo
587 937 739 1004 Pontifice
762 944 931 1023 expetente
953 944 985 1003 et
1006 937 1144 1020 iubente,
1167 944 1361 1022 susceperat,
1383 938 1438 1002 ab

226 1039 330 1105 soluta
348 1040 421 1104 snit:
444 1047 542 1122 atque
559 1041 620 1108 boc
640 1062 718 1107 sane
741 1025 831 1126 opus,
855 1041 943 1106 cuius
966 1040 998 1104 in
1015 1041 1224 1106 Vallicellaua
1244 1041 1439 1107 Bibliotheca

226 1141 459 1228 autographum
491 1145 650 1226 signatum
682 1145 718 1209 Β.
754 1149 793 1210 13
826 1144 995 1225 habemus,
1027 1164 1085 1229 per
1115 1164 1151 1208 se
1182 1146 1285 1228 ipsum
1316 1151 1438 1210 tautum

225 1267 341 1311 nomen
363 1247 501 1311 auctoris
522 1247 660 1332 posteris
689 1247 913 1313 commendare
934 1246 1115 1332 posset.“³)

333 1470 351 1536 ¹)
369 1467 526 1524 Benedicti
548 1469 632 1527 XIV.
657 1471 722 1526 olim
740 1472 868 1541 Prosperi
886 1471 965 1527 Gard.
987 1471 1022 1527 de
1040 1467 1242 1526 Lambertinis
1259 1467 1328 1537 Opp.
1347 1469 1439 1523 omnia

225 1555 287 1611 Vol.
308 1557 353 1612 lV.
372 1556 428 1626 (ed.
447 1555 532 1610 Prot.
554 1560 631 1620 1841)
648 1574 675 1625 p.
693 1560 751 1612 562.

332 1641 353 1710 ²)
371 1640 447 1713 Δίῳ.
466 1639 601 1709 Tbeiner,
620 1644 691 1699 Anu.
711 1645 786 1698 Eccl.
803 1645 880 1700 Tom.
900 1644 949 1699 ΠΙ.
965 1645 1070 1698 Romae
1090 1644 1165 1699 laos.
1183 1659 1210 1710 p.
1229 1643 1289 1699 ola.

332 1729 354 1794 ³)
372 1727 427 1784 Otr.
441 1729 469 1800 b.
483 1727 624 1785 Ferraria
635 1729 808 1786 Bibliotheca
820 1730 886 1785 Can.
900 1735 951 1784 etc.
964 1729 1019 1796 (ed.
1031 1731 1092 1785 Par.
1109 1730 1184 1782 1865.
1197 1727 1302 1799 Mipn.)
1314 1729 1391 1783 Tom.
1403 1729 1438 1783 V.

190 1888 193 1894 Ι
226 1832 254 1884 p.
273 1816 336 1870 309:
360 1813 505 1884 „Gregorii
522 1816 598 1870 Xlll.
621 1817 697 1871 iussu
719 1817 756 1870 ad
774 1816 891 1872 Romani
908 1815 1098 1886 Martyrnlogii
1117 1812 1312 1868 correctionem
1331 1829 1438 1868 manum

226 1901 349 1955 admovit
365 1901 508 1970 Remulus,
528 1906 557 1955 et
574 1903 748 1956 emendatum
766 1918 839 1956 auno
860 1901 926 1955 lel
944 1900 1098 1970 vulgavit.“

800 2290 873 2370 lll.

330 2560 390 2625 Ast
408 2579 513 2644 neque
532 2559 660 2626 chartae
680 2560 712 2624 in
735 2561 892 2625 tabulario
913 2561 1049 2626 Oratorii
1073 2567 1230 2644 servatae,
1254 2580 1334 2642 quas
1357 2559 1442 2640 citat,

228 2683 332 2745 neque
359 2663 485 2728 litterae
506 2663 713 2748 Apostolicae
735 2662 766 2728 d.
792 2667 842 2729 14.
866 2665 998 2730 Januar.
1024 2668 1107 2730 1584
1130 2664 1240 2748 datae,
1267 2683 1347 2745 quas
1370 2681 1442 2727 cou-

228 2766 328 2832 textui
345 2765 515 2831 Annalium
529 2766 664 2832 inseruit
677 2767 831 2850 integras,
850 2768 914 2832 vim
930 2767 1050 2832 habent
1064 2767 1219 2852 probandi
1234 2768 1443 2833 assertionem

228 2868 395 2953 Theiueri,
429 2869 515 2952 quod
543 2870 718 2954 Gregorius
746 2869 838 2936 Xlll.
870 2871 1131 2955 Martyrologium
1160 2891 1181 2934 a
1207 2871 1344 2935 Burunio
1377 2889 1444 2934 cor·

229 2979 348 3038 rectum
372 2973 413 3037 ab
437 2973 583 3038 omnibus
606 2975 706 3059 recipi
727 2974 937 3059 usurparique
960 2974 1168 3039 mandaverit.
1206 2973 1332 3038 Etenim
1355 2974 1445 3057 Papa

229 3076 348 3141 nullam
371 3096 501 3160 prorsus
524 3077 654 3143 Baronii
676 3078 753 3144 lacit
774 3081 968 3144 mentionem
991 3078 1024 3142 in
1047 3076 1281 3161 promulganda
1303 3076 1444 3141 editione

229 3179 330 3265 ipsius
363 3180 453 3263 iussu
486 3179 662 3264 adomata;
707 3184 771 3246 imo
802 3181 961 3265 pluribus,
999 3201 1062 3246 uon
1094 3181 1149 3244 uni
1180 3181 1249 3246 viro
1280 3183 1442 3263 negotium

229 3283 362 3349 arduum
406 3283 608 3368 expurgandi
645 3285 865 3370 Martyrologii
905 3285 1006 3351 fuisse
1048 3286 1252 3352 commissum
1293 3284 1442 3348 insinuat.

230 3384 346 3455 Codex
368 3396 474 3453 autem
497 3389 725 3454 Vallicellanus
748 3390 785 3457 Β.
803 3392 842 3454 13
866 3388 951 3454 haud
975 3389 1207 3472 autographum
1230 3385 1335 3470 operis
1358 3384 1443 3469 typis

230 3492 340 3558 excusi
367 3491 408 3556 de
435 3513 498 3574 quo
525 3493 639 3576 agitur,
672 3492 811 3577 exhibet,
843 3491 903 3559 sed
923 3493 956 3558 in
980 3514 1018 3558 eo
1046 3493 1150 3578 potius
1181 3491 1288 3554 insunt
1315 3486 1444 3552 Baronii

230 3595 462 3663 Adnotationes
482 3596 738 3682 autographae*)
758 3599 954 3682 pertinentes
976 3597 1018 3662 ad
1035 3591 1315 3680 „Martyrologium
1329 3593 1444 3657 Boma-

229 3720 303 3764 num
332 3700 467 3783 singulis
495 3701 571 3765 anni
602 3700 715 3766 diebus
747 3702 837 3766 iuxta
862 3721 978 3766 novam
1007 3696 1188 3766 calendarii
1214 3695 1369 3762 rationem
1393 3716 1444 3760 ac-

231 3803 477 3869 commodatum.
522 3803 670 3888 Gregorii
692 3806 780 3871 Xlll.
807 3807 898 3870 Pont.
922 3806 1009 3870 Max.
1035 3802 1125 3866 iussu
1148 3799 1303 3882 editnm‚“
1339 3797 1445 3863 idest

230 3907 272 3972 ad
290 3907 438 3973 codicem
462 3907 604 3974 eiusdem
630 3909 845 3974 Bibliothecae
862 3907 900 3985 Q.
918 3910 959 3974 29
982 3907 1152 3990 signatum,
1177 3904 1265 3969 cuius
1287 3902 1320 3966 in
1335 3903 1444 3969 limine

231 4031 344 4076 manus
366 4011 473 4076 aliena
495 4011 581 4094 quod
603 4013 745 4096 sequritur
768 4015 919 4076 monitum
943 4007 1084 4074 addidit:
1116 4007 1205 4090 „Hoc
1227 4026 1326 4091 paruo
1349 4007 1444 4073 Volu-

232 4116 316 4180 mine
339 4135 416 4180 usus
439 4121 489 4181 est
511 4116 632 4182 Caesar
655 4115 748 4180 Card.
773 4114 943 4195 Batonius,
967 4132 1063 4194 qurum
1085 4131 1161 4176 suas
1184 4111 1225 4175 ad
1248 4113 1339 4178 Rom.
1363 4113 1444 4176 Mar-

232 4219 423 4305 tyrologium
457 4220 577 4304 primas
610 4219 796 4285 Notationes
833 4216 1017 4300 adornaret,
1055 4217 1185 4301 propria
1208 4236 1303 4280 mann
1328 4215 1442 4280 litteris

232 4322 402 4408 Alphabeti
426 4323 620 4388 notationum
646 4322 802 4388 indicibus
826 4320 975 4386 distincto
998 4329 1030 4384 et
1052 4320 1250 4403 obsignato.“

337 4532 366 4599 a)
385 4529 594 4601 Appendixad
612 4528 780 4582 Notationes
798 4527 824 4580 in
844 4527 918 4582 idem
936 4530 1082 4599 Martyrol.
1102 4529 1207 4596 scripta
1225 4525 1342 4595 propria
1360 4540 1444 4579 manu

233 4619 316 4674 Oard.
340 4618 456 4672 Batonii
483 4616 605 4670 habetur
625 4615 653 4668 in
678 4613 747 4668 Cnd.
773 4613 913 4670 Vallicell.
939 4615 970 4681 Q.
989 4617 1036 4687 323
1067 4614 1264 4670 Correctiones
1289 4617 1383 4667 autem
1406 4612 1444 4666 ad

232 4710 340 4760 textum
357 4702 556 4774 Martyrologii
569 4718 587 4756 a
599 4701 724 4758 Baronio
744 4703 898 4759 adnotatae
919 4721 981 4758 eum
999 4702 1157 4758 rationibus
1176 4699 1329 4754 earundem
1341 4698 1444 4754 Jacobi

232 4791 368 4861 Vulponii
386 4789 566 4859 reperiuntur
582 4789 612 4843 in
629 4788 699 4846 Cod.
720 4789 794 4845 Vall.
813 4790 847 4846 G.
864 4791 898 4846 82
917 4790 935 4845 l.
953 4791 997 4846 at.
