3350 5484
829 374 870 439 67

243 521 431 599 {aporiatione
468 520 521 585 διὰ
551 521 583 586 δὲ
615 522 667 603 τήν
701 525 743 601 εἰς
772 525 907 611 Χριστὸν
939 529 1100 614 ὁμολογίαν
1136 537 1186 598 ἐπὶ
1222 537 1274 602 τοῦ
1308 538 1458 619 βασιλέως

244 626 419 699 Μαξεντίου
443 630 566 690 πολλῶν
580 627 723 710 βασάνων
743 637 851 716 πεῖραν
872 635 1003 717 λαβοῦσα
1025 636 1081 718 τήν
1094 639 1225 722 κεφαλὴν
1247 645 1457 726 ἀποτέμνεται,

243 731 294 789 καὶ
321 732 375 791 τοῦ
399 739 562 815 μαρτυρίου
594 739 740 816 στέφανον
771 733 898 816 δέχεται.
949 735 1160 822 antemquin
1191 743 1346 830 epistolae
1378 769 1456 818 suae

244 829 385 896 libellum
410 831 569 897 variarum
592 833 625 898 in
647 833 801 920 plurimas
824 837 1013 906 Sanctorum
1037 862 1089 908 res
1111 839 1222 927 gestas
1248 851 1455 938 notationum,

244 954 324 1016 quas
347 936 489 1002 loannes
512 939 665 1004 Latomus
688 938 887 1021 Francofurti
909 943 1060 1034 Decanus
1083 947 1246 1016 Breviario
1268 952 1455 1038 Mogontino

242 1037 452 1124 iampridem
475 1046 666 1126 attenuarat,
699 1042 846 1110 Serarins
868 1047 1032 1132 apposuit,
1064 1055 1099 1114 ut
1121 1051 1291 1141 Batonius,
1324 1056 1352 1122 si
1374 1059 1455 1126 forte

243 1141 275 1205 in
297 1142 337 1207 iis
360 1143 401 1209 de
423 1143 530 1227 aliquo
557 1145 749 1213 Germaniae
782 1156 921 1232 martyre
948 1157 1004 1216 aut
1026 1151 1146 1220 Sancto
1173 1155 1237 1222 alio
1260 1167 1348 1226 esset
1370 1164 1455 1245 qnod

242 1246 314 1312 usui
335 1267 409 1314 esse
429 1254 548 1333 posset,
572 1268 611 1316 eo
632 1269 697 1315 non
719 1259 851 1320 careret.

352 1493 368 1556 ¹)
386 1493 421 1546 K.
445 1489 572 1558 Wamar,
589 1489 692 1547 Gesch.
710 1491 737 1546 d.
756 1491 835 1548 kath.
854 1493 1018 1565 Theologie.
1054 1498 1164 1557 Hiinob.
1184 1505 1259 1559 1866.
1278 1522 1305 1574 p.
1322 1507 1366 1562 43.

347 1579 367 1644 ²)
386 1577 442 1633 Cir.
467 1576 586 1634 Sororii
607 1580 751 1637 Praefatio
774 1584 812 1638 ad
834 1600 915 1639 suam
937 1587 1131 1656 Epistolarum
1149 1589 1176 1645 S.
1195 1592 1336 1648 Bonifacii
1357 1610 1454 1649 recen-

242 1665 348 1719 sionem
361 1665 478 1732 (Patrol.
492 1665 570 1721 Cors.
585 1669 685 1737 compl.
698 1669 741 1724 ed.
754 1667 864 1742 Mipae.
883 1672 942 1728 Ser.
955 1674 1004 1729 lat.
1023 1675 1054 1730 T.
1064 1677 1106 1731 89.
1125 1677 1189 1732 Par.
1204 1679 1279 1734 1860.
1292 1697 1319 1748 p.
1332 1681 1382 1734 671
1393 1684 1453 1749 sq).

241 1751 325 1806 Vitae
338 1751 366 1806 S.
379 1751 513 1806 Bonifatii
532 1753 575 1808 ed.
593 1749 686 1827 Jaffd.
704 1756 798 1811 Berol.
817 1759 894 1812 1866.
913 1759 1005 1816 Praei.
1018 1779 1046 1831 p.
1058 1763 1083 1816 5.
1096 1764 1121 1817 8.
1139 1764 1319 1821 Monumenta
1337 1768 1455 1838 Mogon-

241 1838 301 1892 tina
318 1854 345 1906 p.
364 1838 405 1892 15.
423 1838 488 1894 Jolr.
507 1839 553 1894 Fr.
571 1840 718 1896 Bdhmer’s
736 1843 839 1899 Briefe.
870 1847 966 1901 Duroh
984 1849 1050 1904 Joh.
1068 1846 1209 1905 Jcrrcaea.
1228 1851 1249 1905 I.
1267 1851 1360 1909 Freib.
1375 1855 1393 1908 i.
1407 1855 1454 1908 Br.

242 1926 317 1980 1868.
336 1943 363 1994 p.
381 1927 441 1982 525.

346 2013 368 2081 ³)
385 2014 486 2084 Raym.
504 2011 629 2069 Albcrc'c.
649 2015 672 2085 1,
691 2016 742 2070 198
759 2031 800 2086 sq.

346 2101 367 2169 ⁴)
385 2102 515 2170 Rogatus
533 2101 688 2171 aliqnando
706 2117 821 2157 causam
839 2120 858 2159 a
876 2106 1061 2163 disertissimo
1084 2114 1171 2180 atque
1190 2111 1362 2180 amplissimo
1380 2114 1454 2184 viro,

241 2205 291 2244 cnr
312 2203 365 2243 nec
382 2189 410 2244 S.
428 2188 617 2258 Hieronymus
639 2188 687 2243 vel
709 2189 864 2262 Eusebius,
891 2208 1011 2261 quornm
1037 2197 1222 2266 praecipuum
1249 2197 1303 2252 fuit
1329 2200 1453 2254 studium

239 2292 333 2330 rerum
356 2275 613 2330 ecclesiasticarum
637 2275 791 2345 scriptores
815 2277 967 2350 colligere,
993 2281 1123 2352 Dionysii
1141 2283 1336 2354 Areopagitae
1359 2287 1454 2340 memi-

239 2363 336 2417 neriti
371 2361 529 2432 Respondi:
557 2361 639 2425 Quod
662 2363 700 2418 ad
722 2363 749 2418 S.
767 2364 970 2436 Hieronymum
994 2373 1118 2440 spectat,
1145 2385 1201 2424 non
1225 2374 1268 2426 est
1290 2371 1368 2439 quod
1390 2373 1453 2441 quis

240 2451 368 2520 miretur,
395 2465 458 2502 cnm
479 2448 527 2502 ille
550 2463 600 2502 eos
623 2448 713 2503 solum
736 2457 928 2520 cognoscatur
950 2453 1103 2532 ,collegisse
1130 2457 1263 2526 antiquos
1291 2457 1454 2530 scriptores,

240 2523 311 2606 quos
329 2535 366 2591 ab
384 2535 508 2590 Eusebio
526 2535 682 2590 invenisset
699 2538 864 2610 recensitos,
881 2539 1004 2612 illosque
1022 2545 1132 2597 tanturn
1148 2541 1302 2613 addidisse,
1321 2545 1368 2613 qui
1387 2550 1454 2614 post

239 2623 355 2679 Eusebii
378 2627 509 2692 tempora
536 2622 677 2694 claruere;
707 2623 858 2693 profitetur
880 2627 953 2680 enim
971 2626 1026 2686 hoc
1042 2629 1117 2684 idem
1134 2629 1196 2698 ipse
1213 2629 1242 2682 in
1261 2633 1453 2687 commentarii

239 2709 417 2780 praefatione
444 2710 482 2766 ad
508 2710 654 2766 Dextrum.
690 2708 720 2765 Si
743 2711 815 2766 enim
842 2711 917 2768 hunc
944 2714 992 2770 vel
1019 2713 1092 2770 alios
1118 2715 1156 2771 ab
1179 2731 1214 2770 eo
1236 2719 1453 2785 praetermissos

239 2799 381 2870 novisset;
398 2797 476 2852 haud
494 2792 619 2867 dubium,
638 2796 673 2851 de
690 2796 790 2851 iisdem
808 2813 895 2868 agere
912 2797 990 2874 haud
1008 2801 1167 2857 desivisset.
1198 2801 1299 2872 Itaque
1317 2808 1379 2860 tota
1396 2806 1452 2861 iam

239 2885 369 2954 quaestio
387 2901 451 2940 cum
469 2885 505 2939 de
522 2883 646 2938 Eusebio
666 2897 729 2937 esse
747 2881 888 2956 videatur,
905 2900 952 2939 res
970 2902 1027 2940 non
1046 2892 1089 2942 est
1106 2892 1261 2958 propterea
1278 2889 1307 2944 in
1325 2907 1360 2946 eo
1379 2893 1452 2962 peri·

239 2972 303 3026 culo
331 2973 499 3040 constituta,
529 2971 561 3023 nt
578 2983 666 3024 causa
693 2970 796 3024 cadere
820 2971 857 3024 sit
879 2987 1008 3042 neeesse,
1037 2973 1120 3028 unius
1141 2977 1252 3028 tantum
1278 2991 1335 3030 non
1359 2977 1452 3032 dicam

237 3059 367 3114 testantis
385 3057 437 3113 sed
455 3057 562 3113 silentis
579 3055 700 3110 hominis
722 3057 895 3112 testimonio.
929 3057 957 3112 S.
974 3057 1112 3136 illeximus
1133 3059 1289 3115 monachus
1312 3062 1452 3119 adversus

237 3147 437 3202 Monothelitas
467 3145 601 3215 egregius
630 3144 777 3200 Ecclesiae
806 3149 1005 3216 propugnator
1032 3147 1068 3202 de
1094 3147 1137 3202 bis
1164 3163 1268 3219 agens,
1297 3149 1452 3205 clamosum

237 3234 352 3289 Eusebii
378 3232 519 3287 silentium
543 3231 707 3285 affectatum
729 3231 810 3286 nimis
834 3248 869 3286 ac
887 3233 954 3287 dolo
979 3233 1054 3288 malo
1078 3234 1240 3290 simulatum
1261 3235 1451 3309 demonstrat3

238 3322 303 3376 dum
327 3319 451 3376 affirmat
472 3317 603 3388 Dionysii
624 3317 820 3388 Areopagitae
847 3320 1064 3375 commentarios
1085 3321 1141 3376 iam
1164 3321 1231 3376 olim
1253 3326 1337 3378 notos
1363 3323 1451 3398 fuisse

236 3407 374 3478 Dionysio
393 3405 528 3474 episcopo
541 3403 745 3474 Alexandrino,
762 3406 933 3476 cosdemque
946 3407 982 3462 ab
996 3423 1030 3462 eo
1042 3406 1130 3462 fuisse
1148 3407 1263 3462 scholiis
1279 3409 1464 3482 illustratos3.

201 3513 204 3520 ⁴
237 3495 410 3564 adducitque
430 3491 460 3546 in
478 3490 539 3544 eius
561 3489 603 3544 rei
627 3489 816 3544 testimoninm
843 3491 1026 3546 Anastasinm
1052 3494 1218 3564 episcopum
1243 3494 1452 3552 Antiochenam

236 3581 262 3634 ἐν
279 3583 317 3648 τῷ
335 3577 433 3648 ὁδηγῷ.
467 3577 604 3633 Numerat
621 3575 695 3632 idem
712 3575 739 3632 S.
753 3577 891 3632 Maximus
909 3577 982 3632 alios
1000 3579 1133 3647 antiquos
1150 3578 1311 3650 theologos,
1330 3596 1450 3654 quorum
1505 3610 1513 3634 r

236 3669 406 3738 scriptorum
435 3663 514 3720 nulla
541 3663 577 3718 ab
604 3662 728 3720 Eusebio
761 3663 839 3718 facta
870 3655 913 3718 est
938 3665 1057 3736 meutio;
1092 3669 1125 3720 ut
1150 3663 1286 3721 librorum
1315 3667 1450 3739 Narcissi,

235 3753 391 3827 Hymenaei
414 3757 446 3809 et
467 3751 599 3821 aliorum,
626 3765 698 3827 qnos
721 3754 817 3806 tamen
839 3751 996 3820 putandum
1019 3755 1062 3808 est
1083 3751 1162 3806 illum
1185 3769 1242 3808 non
1260 3755 1452 3826 praeteriisse,

236 3859 299 3898 cum
317 3839 557 3911 locupletissimae
574 3834 764 3892 bibliothecae
782 3836 921 3906 Pamphili
938 3837 1072 3910 martyris
1090 3837 1183 3894 factus
1201 3840 1238 3894 sit
1255 3839 1370 3912 haeres3
1398 3842 1450 3897 sed

234 3930 372 3985 Arianum
389 3921 692 3986 hominemhaeretioa
709 3922 810 3979 fraude
827 3924 892 3980 illos
905 3925 1076 3980 occultasse:
1095 3940 1159 3980 nam
1171 3926 1342 3982 Arianorum
1360 3929 1450 3982 vexil-

234 4017 322 4072 larius
340 4015 393 4086 (sic
406 4013 479 4069 enim
497 4027 560 4066 eum
578 4009 705 4079 appellat
717 4009 745 4066 S.
757 4011 957 4082 Hieronymus)
974 4015 1107 4066 auctores
1125 4011 1190 4067 illos
1209 4011 1331 4082 prodere
1347 4013 1449 4084 timuit,

235 4101 338 4172 quibus
349 4097 459 4155 Ariana
475 4098 602 4154 haeresis
620 4099 802 4151 sterneretur.
832 4095 976 4162 Quaenam
995 4097 1031 4152 ab
1049 4097 1222 4153 Arianorum
1237 4099 1348 4154 insidiis
1366 4100 1449 4155 saiva

234 4203 297 4243 esse
314 4189 483 4257 potuerunt3
501 4185 525 4240 si
542 4199 641 4241 eorum
658 4181 780 4252 perfidia
798 4183 883 4238 ctiam
894 4183 1012 4240 Nicaeni
1031 4199 1155 4240 canones
1172 4185 1353 4256 naufragium
1371 4187 1449 4256 passi

234 4275 323 4330 sunt?
358 4273 415 4330 Sed
430 4275 465 4325 ut
480 4270 566 4326 modo
585 4271 621 4326 de
639 4268 826 4339 scriptoribus
851 4269 1052 4326 ecclesiasticis
1075 4285 1208 4342 agamus,
1234 4287 1321 4326 unum
1338 4276 1448 4328 tanturn

234 4361 270 4416 de
288 4377 323 4418 ea
340 4375 371 4414 re
389 4359 530 4414 adducam
547 4357 714 4426 exemplum.
750 4356 903 4427 Quaenam,
921 4373 1039 4428 quaeso,
1062 4357 1116 4414 fuit
1133 4372 1230 4428 carisa,
1251 4361 1283 4412 ut
1299 4357 1448 4430 maologo·

232 4463 295 4502 rum
313 4447 492 4515 antiquorum
512 4441 723 4498 celeberrimum
741 4443 953 4513 {theognostum
970 4443 1111 4499 Eusebius
1130 4443 1243 4499 silentio
1260 4445 1448 4516 praeterierit,

232 4534 286 4588 nisi
305 4533 382 4603 qnod
401 4529 509 4586 sciebat
526 4545 590 4584 enm
607 4528 669 4582 Arii
688 4527 869 4600 dogmatibus
887 4529 1055 4585 adversari?
1074 4570 1080 4584 .
1099 4571 1106 4584 .
1123 4529 1249 4585 Videant
1266 4546 1344 4602 ergo,
1363 4547 1448 4600 quam

233 4619 313 4675 firmo
335 4619 462 4673 nitantur
486 4620 668 4687 argumento,
695 4616 743 4684 qui
766 4617 929 4672 affectatum
950 4613 1066 4671 Eusebii
1091 4615 1231 4672 silentium
1259 4622 1358 4674 contra
1379 4618 1448 4672 Dio-

232 4706 306 4776 nysii
325 4703 541 4760 commentarios
563 4702 592 4757 in
608 4701 800 4757 testimonium
827 4701 980 4758 adducunt.
1017 4703 1175 4774 (Martyrol.
1194 4701 1315 4758 Plantin.
1335 4719 1360 4758 a.
1379 4703 1448 4758 1589

232 4810 260 4864 p.
278 4793 349 4860 449.)
380 4790 529 4846 Caeterum
553 4783 684 4844 Boroas‘a'
702 4788 738 4844 de
757 4789 924 4859 quaestione
942 4787 1120 4860 Dionysiana
1142 4787 1355 4932 indi⁰iu¹5¹¹„f⁰¹.⁰
1372 4789 1448 4845 idem
