3334 5486
805 342 845 406 79

216 495 250 563 S.
272 497 309 562 R.
331 497 369 562 Ε.
394 493 575 561 cardinalis
597 496 639 562 ab
662 494 875 580 Altaemps,⁹)
898 493 1064 580 Proprium
1088 495 1323 564 Dioeeesanum
1348 493 1429 564 (lon-

216 599 392 666 stantiense
415 597 645 665 subiiciendum
670 598 792 665 curavit
814 599 978 663 Romanae
1000 618 1167 667 censurae.
1213 601 1329 666 Verum
1352 622 1430 667 ncn-

216 704 322 770 nullae
344 705 536 769 mutationes
558 703 591 768 in
614 708 763 769 contextu
786 701 957 768 lectionum
980 703 1253 769 aOorrectcribus
1275 705 1429 770 Romanis

215 809 399 894 propositae
422 827 486 872 una
508 827 578 872 curn
600 807 740 891 ipsorum
765 805 848 870 notis
871 804 1100 888 marginalibus
1123 807 1213 872 iuxta
1236 807 1425 874 sententiam

217 911 354 997 Capituli
377 931 416 978 ac
438 910 522 977 (llari
545 908 799 976 constantiensis
830 929 893 976 non
925 909 1179 996 emendationes,
1213 911 1272 978 sed
1298 919 1431 997 peccata

216 1021 326 1082 contra
362 1015 527 1081 veritatem
565 1013 747 1079 historicam
782 1033 820 1078 ac
853 1011 1055 1080 traditionem
1094 1008 1252 1081 sinceram
1289 1015 1430 1098 fuerunt;

217 1119 251 1184 id
282 1119 367 1201 quod
402 1119 520 1185 Joanni
555 1117 691 1184 Pistoric
725 1115 887 1182 Canopico
921 1115 1195 1204 constantiensill)
1229 1119 1429 1186 occasionem

218 1221 331 1287 obtulit
366 1243 424 1306 per
456 1221 579 1286 litteras
616 1239 701 1285 anno
740 1224 822 1287 1597
833 1219 864 1304 ⁴)
903 1240 974 1285 cum
1012 1222 1149 1288 Baronic
1187 1223 1430 1290 observationes

218 1325 376 1410 speciales
414 1325 498 1391 circa
531 1323 645 1390 Officia
681 1321 840 1388 variorum
878 1322 1065 1390 Sanctorum
1100 1346 1158 1410 pro
1193 1326 1431 1394 Constantieusi

217 1429 364 1496 Ecclesia
394 1425 658 1496 communicandi.
704 1427 740 1491 ln
769 1425 901 1492 elencho
933 1434 1039 1494 autem
1071 1428 1317 1515 dubitationum,
1350 1452 1431 1515 quas

219 1555 239 1599 a
260 1533 397 1600 Baronio
429 1529 661 1598 examinandas
688 1537 721 1596 et
746 1529 905 1597 tollendas
933 1530 1016 1598 hunc
1038 1531 1071 1598 in
1093 1532 1189 1600 finem
1220 1535 1430 1620 concinnavit,

218 1645 252 1705 ut
274 1637 470 1730 Breviarium
493 1634 737 1702 Constantiense
759 1633 792 1699 in
815 1641 960 1720 apertum
983 1634 1093 1701 referri
1115 1643 1224 1722 posset
1246 1639 1431 1723 plenissime

218 1739 434 1825 emendatum,
467 1738 553 1806 haud
585 1738 678 1806 deest
703 1759 767 1804 uua
794 1737 835 1804 de
863 1738 938 1805 Vita
965 1739 999 1805 S.
1026 1739 1151 1824 Pelagii
1183 1741 1430 1826 animadversio,

219 1866 301 1930 quae
323 1845 436 1912 eadem
460 1843 502 1910 ad
525 1843 786 1928 Martyrologium
819 1849 953 1928 spectat.
998 1843 1130 1910 Miratur
1158 1845 1242 1910 enim
1265 1845 1431 1932 Pistorius,

219 1947 510 2016 Constantiensium
541 1945 731 2028 advocatus,
766 1947 874 2012 curin
898 1947 1045 2033 exemplo
1068 1947 1223 2016 Breviarii
1249 1949 1432 2018 dioecesani

218 2057 340 2130 Romae
371 2052 535 2136 recognito
568 2050 602 2116 S.
629 2050 780 2134 Pelagius
810 2049 978 2132 Augustae
1008 2051 1141 2118 affectus
1173 2055 1325 2139 martyrio
1356 2058 1432 2121 scri-

218 2159 320 2242 batur,
343 2175 438 2238 quum
462 2154 724 2240 Martyrologium
747 2153 981 2221 Plautinianum
1005 2155 1114 2238 quinto
1137 2156 1210 2222 Kal.
1236 2157 1433 2243 Septembris

218 2261 307 2326 illum
328 2259 442 2325 fortem
459 2256 575 2324 Ohristi
598 2257 749 2325 athletam
767 2255 974 2326 Constantine
989 2259 1022 2324 in
1038 2258 1145 2326 Gallia
1164 2260 1223 2326 sub
1238 2261 1432 2329 Numeriano

217 2365 413 2451 Imperatore
441 2368 473 2428 et
493 2361 635 2428 Evilasio
667 2362 771 2430 iudice
803 2361 948 2448 martyrii
980 2383 1130 2430 coronam
1157 2364 1323 2450 accepisse
1345 2387 1433 2432 asse·

218 2474 322 2552 reret,
345 2465 471 2532 tametsi
494 2471 569 2531 tunc
591 2465 742 2551 temporis
759 2465 947 2534 constantia
968 2467 1057 2532 nulla
1078 2467 1180 2552 fuerit,
1203 2469 1266 2534 nisi
1287 2469 1434 2536 fortassis
1563 2476 1565 2481 ’

221 2568 409 2637 Constantia
436 2568 550 2635 Castra
576 2571 608 2635 in
635 2569 832 2637 Normandia
863 2570 1060 2654 intelligatur
1080 2571 1142 2637 ‘aut
1165 2571 1352 2639 Constantia
1379 2574 1434 2639 diu

220 2681 293 2760 post
314 2671 493 2758 aedificata,
517 2672 605 2739 cuius
628 2673 829 2740 circumiecta
851 2673 1016 2762 prouincia
1037 2680 1103 2740 tum
1119 2674 1161 2740 ad
1178 2675 1315 2742 Galliam
1339 2678 1432 2744 simul

220 2777 385 2861 attinebat,
408 2775 484 2842 κατὰ
501 2777 654 2861 πρόληψιν
669 2776 849 2842 nominetur
868 2776 1055 2862 posterioris
1074 2780 1190 2845 aetatis
1210 2787 1433 2864 cognomento.

220 2883 263 2947 At
284 2881 473 2947 Constantia
495 2881 582 2946 nulla
604 2881 751 2963 Augusta
773 2887 918 2966 vocatur,
941 2882 1107 2964 Augustae
1130 2903 1206 2949 vero
1229 2890 1276 2948 tct
1298 2883 1433 2950 diversis

220 2991 374 3052 terrarum
407 2985 559 3051 tractibus
593 2992 773 3069 occurrunt,
812 2993 847 3050 ut
880 2985 1103 3071 explicandum
1137 2985 1232 3072 foret,
1277 3007 1435 3071 quaenam

221 3090 367 3172 Augusta
387 3087 490 3174 fuerit,
513 3089 565 3155 ubi
582 3089 616 3156 S.
632 3088 782 3172 Pelagius
803 3094 937 3155 mortem
956 3089 1098 3156 subierit.
1130 3089 1267 3175 Insuper
1281 3081 1436 3156 Pistor'ius

220 3193 339 3260 Urbem
362 3199 395 3258 et
416 3193 605 3259 Ecclesiam
622 3191 899 3260 constantiensem
926 3201 1025 3278 negat
1052 3194 1268 3260 testimonium
1295 3193 1435 3260 luculen-

221 3304 288 3362 tum
311 3296 352 3362 de
373 3297 512 3364 Patrono
534 3315 602 3364 suo·
615 3297 747 3380 Pelagio
769 3298 822 3364 vel
843 3297 1008 3382 Augustae
1031 3298 1084 3365 vel
1107 3297 1314 3364 Constantiae
1339 3297 1436 3363 inter-

222 3401 305 3468 fecto
329 3399 424 3466 ullum
448 3399 664 3487 suppeditare,
688 3420 785 3484 quum
805 3401 911 3486 potius
927 3403 960 3467 iu
976 3401 1141 3468 Pannonia
1156 3403 1261 3487 patria
1280 3403 1437 3468 cruciatus
1541 3481 1542 3484 Ἴ

223 3523 296 3570 esse
326 3502 492 3569 tormentis
519 3509 552 3569 et
578 3503 702 3570 occisus
735 3503 922 3586 credatur.⁵)
968 3503 1102 3590 „Quod‘
1128 3543 1168 3554 -
1191 3504 1357 3588 inquit-
1382 3506 1436 3592 ,in

222 3605 409 3674 Numeriani
429 3605 597 3691 imperium
619 3607 724 3691 magis
747 3605 901 3692 congruit,
924 3607 1032 3690 quiin
1056 3607 1187 3692 oriente,
1212 3625 1276 3674 non
1298 3608 1332 3673 in
1354 3607 1436 3674 ccci-

223 3710 319 3778 dente
352 3708 585 3795 rempublicam
615 3709 868 3794 administravit,
910 3717 942 3777 et
971 3710 1026 3777 vix
1059 3709 1145 3796 apud
1178 3729 1237 3776 nos
1271 3711 1438 3778 saeviendi

224 3815 424 3883 occasionem
451 3811 574 3897 habuit,
608 3812 671 3878 nisi
692 3811 766 3880 viro
794 3819 899 3899 patre,
934 3835 1004 3881 cum
1028 3814 1149 3882 Cacsar
1176 3819 1279 3896 esset,
1311 3822 1437 3882 nocuas

223 3919 404 4005 provincias
426 3917 459 3982 in
481 3915 646 3984 occidente
669 3915 860 4001 gubernarit
874 3924 906 3984 et
920 3924 986 3984 tum
1008 3939 1094 3985 mors
1117 3917 1233 3984 accidit
1247 3917 1281 3984 S.
1296 3919 1437 4003 Pelagii3

225 4021 311 4107 quod
342 4043 402 4088 nos
435 4021 652 4105 ignoramus.“
708 4021 855 4104 Denique
891 4021 999 4088 mirari
1038 4021 1299 4088 constantienses
1337 4022 1439 4088 innuit

224 4124 388 4208 Pistorius,
413 4144 467 4190 cur
488 4125 623 4209 patriam
640 4125 816 4192 A'emonarn
839 4126 1011 4211 superioris
1034 4126 1231 4212 Pannoniae,
1252 4127 1438 4193 Ptolomaeo

225 4237 332 4298 nomm
356 4235 388 4295 ct
409 4227 473 4294 fide
496 4228 669 4314 superioris
691 4228 807 4295 aetatis
829 4249 888 4314 pro
910 4230 1015 4316 patria
1034 4231 1069 4296 S.
1084 4230 1209 4313 Pelagii
1231 4230 1439 4296 communiter

225 4340 385 4420 receptam
417 4331 528 4399 urbem
559 4353 695 4400 censura
724 4334 870 4400 Romana
900 4333 1056 4400 deleverit
1079 4334 1132 4400 vel
1163 4336 1269 4419 potius
1300 4333 1440 4400 obruerit

226 4436 363 4506 silentio.

330 4533 424 4618 Quod
452 4537 607 4622 reliquum
635 4547 698 4624 est,
733 4539 942 4610 Democharis
974 4542 1086 4628 (quem
1109 4539 1251 4622 sequitur
1272 4538 1439 4624 Baronius,

226 4647 280 4713 ubi
306 4646 340 4711 in
365 4643 595 4730 Martyrologio
622 4644 665 4710 ad
691 4645 723 4710 d.
750 4647 802 4710 26.
825 4644 995 4711 Novembr.
1023 4644 1057 4713 S.
1082 4642 1262 4708 Conradum
1294 4650 1441 4709 recenset

227 4748 420 4817 tricesimum
451 4745 538 4815 sedis
569 4746 824 4816 constantiensis
855 4749 1089 4836 episcopum)⁶)
1122 4746 1344 4813 auctoritatem
1374 4767 1439 4812 non
