3350 5484
860 383 901 450 19

271 544 391 600 Joannis
409 543 510 598 Moreti
527 541 686 598 MDCXlII.
721 540 761 594 Le
773 540 804 594 P.
816 539 997 609 Rosweydus
1016 542 1079 593 erut
1096 552 1152 608 que
1170 537 1197 594 le
1216 537 1307 596 Vetus
1324 538 1483 596 Romanum

271 630 518 700 Martyrologium,
548 629 617 698 qu'il
644 628 778 698 publiait,
808 627 878 680 etait
905 627 931 680 le
953 625 1148 696 Martyrologe
1174 627 1277 698 meme,
1306 627 1377 681 dont
1403 627 1484 697 parle

272 716 299 771 S.
323 715 633 786 Gregoire-le-Grand
659 714 730 767 dans
752 729 784 768 sa
810 713 894 767 lettre
918 713 936 767 0
957 713 1068 782 Euloge
1097 712 1307 768 d'Alexandrie.
1343 715 1430 769 Henri
1448 715 1484 769 de

270 801 380 872 Valois,
403 803 545 872 Fronton,
572 800 726 855 Florentini
752 805 780 855 et
803 800 882 854 Beck
907 801 1088 869 altaquercnt
1113 804 1186 854 cette
1211 801 1341 871 opinion,
1366 806 1394 855 et
1410 807 1485 872 tous,

269 889 337 942 saus
356 889 526 959 Florentini,
555 904 590 942 ne
614 888 767 957 garderent
793 887 865 940 dans
890 887 966 940 leurs
994 889 1126 955 attaques
1153 902 1263 940 aucune
1290 904 1408 944 mesura.
1444 890 1484 943 Le

270 975 301 1030 P.
325 975 378 1031 Da
402 973 510 1032 8011100·
536 975 622 1029 traita
646 975 676 1028 la
698 975 787 1028 meme
815 972 945 1043 question
968 977 997 1027 et
1018 988 1132 1042 prouva
1158 989 1213 1042 que
1238 989 1270 1028 ce
1288 975 1483 1044 Martyrologe

268 1061 368 1116 n’etait
385 1077 437 1132 pas
455 1079 493 1116 un
511 1061 618 1130 abrege
636 1059 759 1130 d'Adou,
776 1060 848 1114 mais
867 1059 935 1129 qn'il
953 1059 993 1113 lui
1011 1059 1092 1114 avait
1110 1060 1186 1114 servi
1205 1060 1241 1114 de
1259 1060 1359 1130 guide3
1382 1065 1410 1115 et
1428 1077 1483 1131 que

269 1150 305 1203 de
323 1150 388 1218 plus
405 1150 425 1202 il
443 1149 524 1204 avait
541 1151 586 1202 ete
604 1147 675 1202 ecrit
692 1147 711 1201 a
728 1148 818 1201 Rome
835 1162 903 1200 vers
921 1145 1050 1201 100140.
1070 1145 1103 1201 V.
1116 1146 1261 1202 Praefatio
1280 1147 1308 1199 in
1320 1146 1482 1202 Usuardum

268 1252 316 1305 pp.
335 1235 445 1290 XXXV
470 1239 499 1290 et
516 1251 575 1305 seq.
611 1234 780 1302 Dominique
805 1229 914 1304 Giorpi
935 1248 970 1287 en
989 1248 1007 1286 a
1025 1233 1118 1287 donne
1140 1250 1196 1288 unc
1219 1233 1355 1288 nouvelle
1376 1235 1483 1289 edition

270 1323 340 1377 dans
360 1323 483 1391 laquelle
501 1323 521 1376 il
539 1322 586 1376 n’a
604 1322 664 1376 rien
688 1321 797 1390 change
816 1335 853 1374 au
871 1323 948 1373 texte
967 1319 1005 1373 du
1023 1319 1053 1373 P.
1072 1320 1243 1389 Rosweydc.
1280 1317 1445 1389 Cependant
1462 1321 1482 1375 il

266 1425 391 1479 propone
412 1410 554 1480 plusieurs
576 1408 749 1463 corrections
772 1408 843 1461 dans
862 1421 907 1460 ses
925 1410 1008 1460 notes
1032 1406 1237 1476 particulieres.
1273 1407 1336 1460 Illle
1354 1412 1437 1476 porte
1455 1408 1482 1462 le

266 1497 332 1552 titre
355 1497 483 1551 suivant:
513 1489 763 1568 Martyrolopiam
786 1489 900 1546 Adonis
924 1491 1140 1560 Archiepiscopi
1166 1493 1328 1547 viennensis
1347 1493 1384 1548 ab
1402 1493 1482 1548 Heri-

267 1581 348 1636 berto
367 1581 531 1650 Rosvveydo
550 1579 701 1634 Societatis
724 1577 794 1633 Jesu
812 1577 960 1647 Theologo
987 1579 1152 1647 iampridem
1171 1579 1209 1632 ad
1226 1580 1291 1634 Mss.
1310 1580 1482 1648 exemplaria

266 1667 445 1737 recensitum,
462 1683 537 1720 nune
557 1681 611 1735 ope
629 1665 765 1719 Codicum
787 1663 983 1718 Bibliothecae
1001 1664 1159 1719 Vaticanae
1182 1666 1358 1736 recognitum
1377 1672 1406 1720 et
1423 1666 1482 1720 Ad·

269 1754 463 1809 notationibus
481 1753 652 1808 illustratum
671 1767 761 1820 opera
779 1754 808 1804 et
826 1751 920 1806 studio
937 1747 1094 1805 Dominici
1113 1748 1238 1824 Georgii
1257 1752 1284 1807 S.
1299 1753 1333 1806 D.
1346 1752 1379 1807 N.
1392 1753 1481 1806 Bene-

267 1839 334 1894 dicti
346 1839 423 1894 XIV.
436 1841 467 1894 P.
481 1840 515 1894 M.
535 1839 571 1893 ab
589 1839 687 1892 intimo
706 1835 827 1891 8000110.
862 1835 1019 1892 Accessere
1036 1838 1244 1909 Martyrologia
1262 1843 1290 1892 et
1306 1839 1482 1894 Kelenderis

267 1925 378 1994 aliquot
400 1943 434 1980 ex
457 1927 598 1981 Vaticana
622 1929 650 1978 et
673 1923 737 1977 aliis
765 1921 950 1978 Bibliothecis
977 1928 1071 1995 eruta,
1098 1941 1172 1978 nunc
1199 1925 1317 1994 primum
1341 1925 1369 1978 in
1390 1925 1481 1980 lucem

267 2011 352 2066 edita.
371 2013 478 2067 Romae
491 2028 526 2066 ex
538 2009 731 2080 typographia
740 2009 866 2063 Palladis
876 2009 944 2064 1745
956 2010 985 2062 in
998 2009 1046 2064 fol.
1065 2009 1200 2081 (Becker,
1219 2011 1417 2082 Bibliotlrdque
1430 2012 1481 2066 des

265 2081 414 2152 Ecrivains
424 2098 459 2151 de
468 2097 498 2151 la
509 2095 682 2166 Compagnie
693 2097 728 2150 de
738 2096 831 2151 lesus.
849 2095 936 2165 Liege
950 2096 1018 2151 1853
1031 2111 1071 2165 sq.
1082 2097 1104 2167 I,
1113 2098 1164 2152 648
1174 2113 1215 2166 sq.
1227 2113 1248 2152 s.
1258 2114 1286 2152 v.
1296 2098 1479 2168 Rosweyde.)

267 2185 323 2239 Cfr.
338 2182 515 2256 Doellirrper,
534 2185 587 2238 Die
599 2183 808 2260 Papa-Fabam
826 2183 877 2236 des
888 2182 1073 2236 Mittelalters.
1103 2183 1241 2238 llilnchen
1253 2185 1328 2239 1863.
1347 2202 1374 2253 p.
1386 2186 1445 2239 118.

372 2271 394 2339 ⁵)
412 2271 482 2326 Ven.
500 2269 602 2324 Bcdoc
620 2270 691 2339 Opp.
709 2269 787 2324 Omn.
806 2269 850 2323 ed.
869 2265 981 2340 Mipnc.
999 2269 1078 2323 Tom.
1096 2268 1131 2324 V.
1149 2269 1214 2324 Par.
1233 2271 1309 2324 1862.
1328 2287 1355 2339 p.
1369 2271 1419 2324 797
1438 2286 1480 2339 sq.

264 2358 345 2412 sena
363 2359 414 2412 uer
433 2356 622 2426 nnrwururge
640 2357 698 2410 unc
717 2357 794 2411 sene
815 2355 883 2410 nes.
918 2355 984 2410 von
1002 2356 1037 2410 n.
1053 2342 1178 2413 verna.
1203 2356 1286 2412 wien
1298 2356 1373 2412 reis.
1382 2373 1410 2426 p.
1421 2357 1479 2412 040.

263 2443 551 2514 Kirchengeschichte
570 2443 780 2500 Deutschlands
797 2458 856 2499 von
874 2437 1041 2498 Friedrich.
1069 2442 1101 2498 Τ.
1113 2442 1135 2497 Ι.
1162 2442 1261 2498 Bamb.
1274 2443 1350 2498 1867.
1362 2459 1390 2513 p.
1402 2444 1445 2498 89.

815 2829 930 2913 XIV.

366 3120 514 3187 Dubitari
541 3141 605 3186 non
632 3125 750 3205 potest,
785 3119 862 3203 quin
895 3117 980 3201 quod
1007 3118 1040 3185 in
1066 3118 1195 3187 Litteris
1228 3120 1421 3206 Apostolicis
1445 3121 1477 3188 d.
1573 3155 1576 3164 ·

266 3226 316 3290 14.
347 3225 493 3291 Januarii
529 3227 613 3291 1584
650 3223 734 3290 datis
768 3224 945 3289 Romanum
984 3223 1247 3309 Martyrologium
1285 3232 1478 3292 memoratur

262 3329 422 3395 nonnullis
437 3326 470 3394 in
485 3328 564 3395 locis
586 3328 786 3394 librariorum
808 3326 1144 3412 typographoramquc
1165 3328 1364 3412 negligentia
1388 3350 1475 3396 men-

262 3431 389 3517 dosum,
423 3431 458 3498 id
479 3433 584 3517 ipsum
607 3452 678 3498 cum
699 3430 929 3516 Martyrologio
960 3430 1142 3497 Usuardino
1174 3439 1339 3516 congruat.
1383 3435 1476 3519 Nam,

261 3542 296 3600 ut
321 3535 583 3602 Wandelbertum
614 3535 834 3601 Prumicnsem
867 3539 899 3601 et
925 3534 1092 3601 Rabanum
1123 3535 1265 3601 Maurum
1282 3536 1306 3620 ¹)
1338 3544 1477 3621 praeter-

261 3638 438 3723 mittamus,
470 3639 609 3706 Usuardi
632 3637 936 3723 sangermanensis,
969 3637 1023 3721 qui
1044 3637 1167 3705 Adonis
1190 3639 1382 3706 Viennensis
1406 3638 1476 3706 Gol-

260 3741 430 3808 lectionem
451 3742 594 3808 Vitarum
617 3743 806 3810 Sanctorum
819 3741 847 3826 ⁹)
870 3725 1042 3828 contraxit,
1075 3741 1337 3828 Martyrologium
1361 3739 1476 3807 Carolo

262 3845 361 3912 Oalvo
384 3843 522 3912 dicatum
547 3845 659 3912 merito
681 3845 798 3912 asserit
819 3845 1094 3933 Lambertinius³)
1117 3844 1192 3912 inde
1208 3865 1228 3910 0
1243 3845 1372 3912 0000010
1391 3866 1476 3912 0000

260 3948 346 4014 hand
377 3949 480 4016 solum
506 3949 539 4015 in
562 3949 765 4016 monasteriis
797 3947 1075 4016 Benedictinorum
1106 3949 1287 4033 recitatum,
1320 3949 1380 4016 sed
1406 3949 1476 4014 eius

259 4051 427 4120 lectionem
451 4053 493 4120 ad
516 4073 627 4121 omnes
651 4052 717 4119 fere
740 4052 893 4119 ecclesias
921 4053 1136 4120 occidentales
1169 4073 1242 4120 0000
1265 4059 1475 4139 propagatam

260 4163 361 4240 atque,
379 4157 475 4222 etiam
498 4157 541 4224 ad
563 4157 718 4224 ecclesias
740 4156 847 4242 Urbis,
870 4163 1006 4243 excepta
1028 4163 1136 4223 tamen
1158 4156 1298 4224 Basilica
1320 4157 1475 4243 Principis

228 4329 233 4342 ‚
259 4259 483 4346 Apostolorum
510 4259 543 4324 in
565 4261 735 4346 Vaticano,
770 4280 852 4344 quae
883 4281 941 4327 suo
973 4261 1111 4345 quodam
1142 4261 1290 4328 utebatur
1321 4261 1476 4346 Martyro-

258 4363 364 4447 logi03
397 4362 499 4431 itaut
522 4371 658 4428 exeunte
680 4366 809 4431 saeculo
831 4365 906 4432 XV.
931 4365 1052 4451 passim
1075 4363 1106 4428 in
1132 4364 1364 4432 ecclesiisnon
1386 4363 1475 4430 aliud

258 4465 519 4553 Martyrologium
546 4467 706 4550 legeretur
733 4489 827 4551 quam
856 4467 1006 4534 Usuardi.
1052 4470 1164 4553 Neque
1186 4474 1292 4536 autem
1315 4469 1473 4554 Martyro-

258 4569 337 4653 logii
359 4569 513 4636 basilicae
536 4569 711 4638 Vaticanae
732 4593 752 4637 0
770 4572 1008 4658 Martyrologiis
1031 4577 1228 4638 caeterarum
1250 4571 1346 4638 Urbis
1373 4572 1475 4638 eccle-

258 4674 374 4738 siarum
399 4667 569 4740 diversitas
592 4675 707 4759 obstat,
731 4675 899 4758 quominus
922 4675 1008 4741 istud
1031 4696 1156 4760 quoque
1172 4675 1232 4743 etsi
1248 4679 1280 4740 in
1296 4681 1473 4762 temporum

259 4776 394 4844 decursu
413 4778 611 4846 immutatum
627 4798 698 4846 cum
715 4778 827 4846 eodem
849 4779 969 4846 saeculi
988 4780 1065 4846 noni
1079 4779 1166 4846 fonte
1187 4781 1295 4848 multis
1310 4778 1351 4846 de
1366 4779 1473 4848 causis

1274 4883 1316 4936 211
