3350 5484
805 390 846 457 52

217 543 442 611 vetustissimis
468 543 693 628 Manusoriptis
724 547 855 632 reperiri
886 548 1013 615 coniicit
1034 554 1098 615 tam
1122 569 1163 614 ex
1184 547 1257 635 ipsa
1284 549 1430 619 lectionis

218 668 343 713 summa
364 648 396 714 in
419 648 546 714 excusis
568 649 722 715 varietate
746 670 840 734 quam
863 673 904 718 ex
925 652 1016 719 Beda
1039 659 1070 720 et
1091 652 1219 735 Adone,
1243 652 1329 738 apud
1351 676 1430 735 quos

217 751 309 817 istius
331 753 509 836 argumenti
532 772 573 817 ne
595 752 765 836 vestigium
793 754 920 837 quidem
952 761 1067 822 exstat.
1111 755 1230 822 Judicii
1251 751 1358 823 autem
1380 759 1431 824 sui

217 855 354 921 iudicem
380 855 521 924 vicissim
544 859 654 922 statuit
676 857 861 944 Duronium,
895 859 948 942 qui
971 858 1081 925 Grovii
1103 859 1299 942 argumentis
1322 861 1430 944 utique

218 961 381 1026 convictus
402 959 435 1022 in
459 957 598 1023 editione
619 960 857 1046 Plautiniana⁸)
880 983 1036 1030 unacum
1056 962 1241 1029 Marcellino
1262 963 1429 1030 Ursacium

218 1065 385 1148 submovit,
409 1063 606 1130 Vandalicas
627 1067 859 1150 persecutionis
883 1072 1076 1133 momentum
1099 1067 1236 1132 resecuit
1258 1073 1290 1133 et
1309 1076 1430 1134 textum

217 1191 258 1237 ex
280 1173 405 1237 vetusto
427 1167 654 1252 Martyrologio
677 1169 862 1235 monasterii
883 1169 917 1236 S.
942 1169 1067 1256 Cyriaci
1091 1171 1237 1239 restituit.

222 1352 456 1366 ...-.-.--—

330 1465 346 1532 ')
366 1463 434 1529 „sub
453 1461 547 1516 iudice
565 1461 714 1517 Versatio“
732 1463 879 1534 Martyrol.
897 1464 1053 1519 Alexandri
1072 1465 1107 1520 de
1126 1463 1305 1537 Perspicua.

324 1549 345 1618 ²)
364 1548 420 1604 Cir.
433 1548 461 1604 S.
476 1543 581 1620 Optati
597 1548 754 1604 Milevitani
771 1549 806 1604 de
819 1549 976 1606 schismate
994 1551 1207 1608 Donatistarum
1224 1555 1286 1611 Lib.
1299 1556 1343 1610 ΙΙΙ
1361 1573 1384 1612 o.
1398 1557 1432 1612 10

218 1641 257 1708 (p.
271 1638 322 1692 100
331 1637 374 1691 ed.
384 1635 532 1704 Oenipont.
551 1635 644 1704 1870);
663 1635 838 1705 „Displicent
855 1637 939 1694 vobis
957 1643 1087 1708 tempora
1104 1641 1200 1696 nescio
1220 1643 1300 1698 cuius
1311 1644 1432 1716 Leontii,

216 1725 339 1794 Ursacii‚-
354 1722 471 1776 Macarii
489 1725 518 1776 et
536 1725 718 1777 ceterorum.“

322 1809 344 1878 ³)
363 1809 469 1864 Contra
490 1807 601 1862 litteras
623 1807 754 1863 Petiliani
776 1809 804 1864 S.
822 1807 985 1883 Aapaatiai
1006 1812 1066 1868 Lib.
1085 1814 1114 1868 ΙΙ
1138 1830 1201 1884 cap.
1218 1815 1253 1870 92
1280 1815 1365 1886 (Opp.
1384 1817 1430 1882 ed,

216 1893 320 1970 Mipao
342 1895 421 1950 Tom.
439 1895 482 1950 IX
505 1912 533 1964 p.
550 1894 626 1962 aab:
657 1895 761 1962 „Periit
787 1895 888 1966 (inquit
909 1897 1074 1968 Petilianus)
1088 1889 1089 1892 ¹
1101 1900 1249 1973 Ursacius,
1279 1903 1429 1974 cunctique

216 1983 340 2038 Comites
357 1983 456 2052 vestri,
473 1982 527 2036 Dei
544 1981 652 2051 pariter
669 1981 798 2038 vindicta
815 1984 983 2054 perierunt.“
1011 1985 1118 2043 Contra
1136 1988 1318 2044 Cresconium
1335 1991 1431 2045 Dona-

215 2072 310 2126 tistam
330 2069 358 2125 S.
376 2070 451 2142 Aap.
469 2069 531 2124 Lib.
549 2069 601 2124 ΙΙΙ.
621 2084 644 2123 c.
662 2069 697 2124 30
714 2069 743 2138 (l.
763 2086 786 2124 c.
804 2087 831 2140 p.
850 2071 927 2140 514):
958 2071 1031 2139 „Sed
1049 2078 1164 2145 postea,
1181 2075 1289 2147 inquis,
1310 2076 1430 2132 Ursacio

217 2162 246 2213 et
264 2155 419 2226 Zenophilo
438 2156 690 2225 persequentibns‘
710 2161 763 2212 etc.

325 2243 344 2314 ⁴)
368 2241 524 2300 Usaardos
541 2243 615 2298 falsa
633 2243 730 2312 aliqua
749 2248 778 2298 et
795 2260 813 2299 a
830 2245 987 2300 Donatistis
1006 2245 1127 2300 conficta
1150 2246 1269 2303 historia
1286 2249 1432 2320 deceptus,

215 2331 480 2402 pseudomartyrem
506 2331 650 2385 Donatum
674 2331 727 2384 sub
751 2331 870 2386 Ursaoio
899 2335 927 2386 et
948 2333 1112 2388 Marcellino
1139 2349 1257 2404 passum
1283 2333 1382 2390 scribit
1402 2335 1431 2390 in

216 2415 432 2490 Martyrologio‚
451 2415 577 2469 calendis
595 2417 712 2488 martiis,
729 2417 758 2470 in
776 2417 848 2472 haec
865 2418 969 2474 verba:
989 2418 1176 2485 „Eodem'die
1194 2437 1215 2476 s.
1234 2421 1340 2475 Donati
1358 2437 1430 2476 mar-

216 2505 298 2577 tyris,
316 2503 365 2572 qui
383 2501 435 2556 sub
455 2501 550 2557 iudice
574 2503 632 2571 (vel
651 2503 734 2572 duce)
752 2504 872 2558 Ursacio
892 2505 1093 2560 etldarcellino
1110 2507 1224 2562 tribuno
1241 2522 1345 2576 passus
1363 2511 1429 2564 θεὲ.ιι

216 2593 359 2660 (Editores
377 2585 516 2644 Maurici
533 2589 551 2643 i.
569 2594 627 2644 not.
646 2588 684 2644 ad
702 2589 730 2645 S.
747 2590 900 2660 Augustis.
919 2596 1018 2646 contra
1036 2593 1164 2648 Petilian.
1184 2593 1220 2663 ΙΙ,
1238 2594 1292 2663 92.)

320 2674 342 2746 ὅ)
360 2675 407 2730 Ad
423 2675 590 2730 Donatistae
608 2680 674 2745 post
692 2676 872 2733 collationem
890 2677 918 2734 S.
936 2676 1100 2751 Augustini
1119 2678 1205 2733 Liber
1224 2678 1301 2734 Unus
1321 2697 1384 2752 cap.
1397 2681 1430 2736 10

216 2761 328 2836 (Mipae
346 2762 397 2832 IX,
414 2761 490 2831 664);
521 2763 680 2828 „Donatum
701 2763 794 2834 illum,
821 2776 904 2832 quem
927 2764 1058 2818 dixerunt
1080 2765 1227 2819 Ecclesiae
1251 2765 1430 2837 Carthaginis

209 2853 410 2915 ,ornamentum
428 2853 457 2903 et
473 2848 646 2919 martyrialis
664 2849 774 2919 gloriae
791 2849 898 2920 virum,
925 2850 966 2904 sic
985 2851 1181 2905 commendare
1204 2851 1372 2922 voluerunt,
1399 2857 1431 2907 ut

216 2938 356 3007 dicerent,
384 2935 461 3006 quod
484 2936 562 3005 apud
582 2935 761 3005 imperatoris
784 2935 961 2990 Constantini
989 2937 1192 3008 cognitionem,
1219 2938 1281 3008 ipse
1304 2955 1383 2993 reum
1402 2943 1431 2993 et

215 3023 370 3080 asseruerit
383 3027 416 3080 ,et
434 3023 592 3078 convicerit
609 3022 824 3077 Caecilianum.“
923 3045 925 3050 ·

321 3109 342 3178 ⁶)
360 3110 404 3164 De
422 3108 579 3164 Schismate
597 3109 812 3164 Donatistarum
830 3109 882 3179 Ill,
900 3112 925 3164 6.

321 3196 341 3264 ⁹)
361 3195 467 3251 Contra
484 3196 594 3250 litteras
612 3195 743 3250 Petiliani
760 3195 798 3266 II,
815 3196 858 3249 20.

320 3281 341 3350 ⁸)
360 3281 420 3338 Cal.
438 3283 520 3336 Mart.
538 3299 565 3351 p.
585 3282 645 3337 101.

720 3664 924 3751 xxxiv.
989 3773 991 3779 ἱ

317 3959 510 4042 Temporum
533 3952 611 4020 ordo
633 3954 782 4040 postulat,
805 3960 840 4020 ut
854 3974 911 4022 eas
926 3957 1009 4022 inter
1022 3955 1193 4040 Epistolas,
1218 3973 1301 4038 quae
1316 3975 1426 4022 omnes

213 4068 287 4148 post
317 4061 496 4128 absolutam
526 4057 708 4124 Editionem
738 4059 1002 4146 Antverpiensem
1025 4060 1059 4124 in
1082 4077 1194 4124 manus
1221 4059 1351 4126 Baronii
1373 4060 1427 4126 de·

163 4241 175 4254 ,
213 4170 369 4233 venerunt
391 4170 423 4230 et
444 4163 485 4229 ab
507 4161 578 4248 ipso
605 4161 776 4229 trutinatas
807 4163 879 4248 plus
906 4163 1053 4230 minusve
1074 4161 1265 4229 Reoensioni
1287 4182 1318 4228 a.
1343 4165 1427 4230 1598

213 4268 410 4356 profuerunt,
449 4267 509 4334 etsi
539 4267 573 4331 in
603 4264 764 4332 nonnullis
802 4286 885 4350 quae
921 4265 1131 4334 observantur
1167 4265 1272 4332 adhuc
1307 4265 1428 4332 habent
1540 4256 1545 4264 ’

213 4378 394 4459 respectum
415 4370 459 4438 ad
481 4369 644 4455 exemplar
665 4369 843 4436 Romanum
858 4390 893 4458 a.
908 4373 1001 4456 1586,
1025 4369 1202 4457 principem
1224 4368 1427 4452 assignemus

213 4478 317 4544 locum
349 4475 464 4542 litteris
496 4473 663 4542 Valentiac
695 4473 921 4559 Hispaniarum
951 4473 982 4540 d.
1012 4478 1064 4542 20.
1091 4473 1199 4540 Martii
1226 4493 1256 4538 a.
1282 4474 1365 4539 1580
1393 4472 1427 4538 in

108 4622 114 4631 ι
214 4581 308 4647 domo
325 4578 583 4644 Praedicatorum
598 4597 619 4642 a
633 4578 685 4643 Fr.
701 4577 868 4644 Vincentio
887 4577 1069 4644 Jnstiniano
1094 4578 1201 4644 Antist
1222 4575 1393 4662 conceptis.
1402 4576 1426 4662 ¹)

214 4683 397 4766 Theologus
430 4678 482 4748 bic
512 4679 741 4748 Dominioanus
774 4681 858 4748 inter
878 4680 1061 4767 scriptores
1094 4680 1145 4748 sui
1178 4679 1307 4748 Ordinis
1340 4677 1427 4746 haud

213 4787 374 4874 ignobilis,
396 4793 462 4852 tom
485 4807 568 4872 quae
586 4786 620 4852 in
636 4790 786 4853 contextu
807 4784 1038 4872 Masyrologii‚
1061 4789 1128 4850 tum
1151 4783 1282 4870 quaein
1297 4782 1442 4851 Beronii·
