3350 5484
793 376 835 445 20

205 528 389 602 venerando
413 543 601 601 censeamus
624 555 696 602 esse
720 533 981 602 connectendum.
1016 535 1143 616 Exque
1166 533 1251 600 enirn
1267 533 1419 619 Martyro-

205 639 325 721 logium
349 637 564 704 Usuardinum
588 659 608 703 a
631 639 766 706 diversis
791 638 935 706 eeclesiis
958 636 1145 723 adoptatum
1168 636 1277 721 magis
1300 641 1419 720 magis-

206 763 267 825 que
294 742 327 807 in
354 763 446 808 usum
478 741 604 808 transiit
635 743 862 827 universalem,
899 748 965 806 tum
988 743 1021 806 in
1045 741 1188 826 singulos
1223 741 1419 823 singularum

142 859 145 865 '
205 845 409 912 ecclesiarum
435 845 561 912 codices
577 841 634 932 per
648 847 788 912 medium
810 866 924 911 aevum
947 865 1067 929 magna
1087 846 1258 912 lectionum
1280 846 1419 911 varietas

206 950 329 1018 incuria
361 956 417 1015 aut
449 949 576 1016 inscitia
613 951 813 1016 librariorum
851 949 992 1034 irrepsit,
1020 957 1095 1014 ‘tum
1129 949 1162 1015 in
1197 948 1285 1014 hisee
1323 948 1419 1014 variis

206 1053 425 1140 Martyrolcgii
450 1054 685 1140 exemplaribus
710 1053 815 1138 quoad
831 1060 950 1120 textum
974 1053 1046 1138 plus
1068 1053 1214 1118 minusve
1237 1051 1420 1138 depravatis

149 1195 156 1204 ·
207 1157 395 1222 Sanctorum
430 1179 579 1226 numerus
614 1158 764 1242 paulatim
797 1157 871 1223 ideo
903 1157 1055 1238 accrevit,
1095 1158 1170 1240 quia
1200 1161 1357 1240 martyres
1390 1163 1421 1220 et

204 1259 420 1344 confessores,
459 1282 589 1344 quorum
628 1253 735 1328 annua
772 1263 971 1328 celebritate·
993 1261 1139 1326 natalitia
1175 1261 1354 1346 agebantur
1388 1261 1420 1324 in

205 1363 449 1449 particularibus
472 1366 631 1451 ecclesiis,
657 1366 854 1451 superadditi
878 1366 1014 1432 fuerunt.

318 1677 335 1744 ¹)
354 1675 410 1730 err.
432 1675 467 1730 K.
484 1674 613 1742 11755555,
632 1677 736 1731 Α15515
753 1693 781 1731 5.
801 1692 822 1731 5.
841 1673 1042 1731 Jahrhundert.
1060 1673 1226 1728 Paderborn
1237 1675 1312 1728 1816.
1325 1675 1420 1743 5310.

314 1761 334 1830 ²)
354 1761 441 1832 0555
457 1762 637 1817 Adonianum
666 1764 702 1818 ab
729 1763 850 1833 Aloysio
879 1761 1046 1834 Lipornano
1073 1762 1127 1828 (De
1154 1759 1228 1815 Vitis
1255 1759 1422 1815 Sanctorum

154 1874 162 1882 ·
205 1848 273 1902 tom.
297 1849 347 1904 IV.
370 1865 436 1918 pag.
461 1850 512 1904 150
534 1865 575 1918 sq.
599 1849 643 1905 ed.
668 1851 768 1906 Venet.
791 1865 816 1904 5.
839 1848 917 1916 1554)
944 1849 1062 1917 primum
1091 1863 1125 1902 55
1153 1846 1254 1901 deinde
1273 1863 1291 1900 5
1309 1847 1421 1902 Jacobo

206 1935 370 1991 Moaandro
388 1937 416 1990 15
435 1937 592 2005 appendice
611 1935 648 1990 ad
667 1935 779 1990 Surium
797 1934 902 1988 editum
921 1938 971 1988 est.

313 2023 334 2092 3)
352 2024 395 2078 De
414 2021 495 2078 Serv.
513 2023 566 2076 Dei
585 2021 686 2077 Beatif.
705 2021 765 2077 Lib.
784 2021 833 2076 IV.
852 2021 883 2076 P.
902 2020 939 2074 ll.
958 2019 988 2074 0.
1007 2019 1099 2075 XVII.
1118 2036 1145 2074 5.
1162 2021 1188 2074 2.

773 2422 867 2506 XV.

310 2712 433 2778 Pluries
457 2713 523 2794 jam
553 2717 628 2777 ante
655 2732 772 2778 annum
801 2714 886 2778 1580
918 2710 1179 2796 Martyrologium
1202 2710 1420 2778 Usuardinum

207 2817 329 2884 exstitit
351 2816 436 2901 typis
458 2835 622 2882 excusum.
668 2815 758 2892 Quae
784 2821 858 2899 post
880 2813 1036 2880 editiones
1067 2815 1272 2882 Lubecanam
1295 2815 1421 2902 (1475),

206 2920 473 2986 Ultraiectensem
496 2919 625 3008 (1480),
661 2911 884 2986 (boloniensem
908 2939 947 2984 ac
968 2918 1186 2984 Parisiensem
1210 2916 1328 3004 (1490)
1350 2937 1422 3002 pro-

208 3023 346 3110 diitsub
369 3023 460 3090 titulo
493 3023 732 3118 „Martyrologii
759 3022 932 3089 secundum
957 3042 1076 3089 morem
1099 3023 1263 3088 Romanae
1286 3020 1421 3087 0uriae“

101 3133 104 3140 '
202 3128 350 3194 ¹Venetiis
373 3148 402 3193 a.
427 3131 512 3195 1498
540 3127 657 3211 editio,·
687 3146 758 3192 eam
790 3125 932 3190 Bellinus
961 3145 1001 3191 ex
1027 3125 1149 3192 familia
1174 3125 1319 3189 Fratrum
1348 3125 1423 3189 Rre-

206 3231 354 3297 mitarum
389 3231 422 3297 S.
454 3230 624 3314 Augustini
657 3229 826 3296 adornavit
859 3229 1107 3296 correctionibus
1140 3233 1172 3294 51
1205 3227 1422 3294 additionibus

206 3336 406 3401 illustratam.
450 3336 574 3400 Pariter
603 3335 636 3400 in
668 3333 782 3401 eadem
815 3334 892 3400 urbe
919 3355 948 3402 5,
975 3335 1058 3413 1500
1089 3331 1192 3398 15555
1223 3331 1304 3397 vidit
1336 3331 1422 3416 quod

202 3440 367 3506 erroribus
399 3443 501 3505 scatet
533 3439 815 3526 „Martyrologium
846 3435 1021 3504 secundum
1049 3455 1170 3502 morem
1198 3433 1423 3502 sacrosanctae

207 3547 370 3610 Romanae
398 3549 429 3608 et
457 3543 648 3634 universalis
680 3542 847 3608 eeclesiae.
896 3541 1054 3627 Scriptum
1082 3548 1114 3606 et
1136 3539 1339 3605 emendatum
1365 3551 1436 3623 per

208 3647 425 3714 Alexandrum
463 3647 503 3712 de
539 3647 722 3734 Peregrinis
759 3645 979 3732 presbyterum
1017 3642 1248 3709 Brixiensem.“
1304 3642 1424 3706 Auctor

207 3752 277 3836 ipse
299 3751 332 3816 in
355 3749 554 3837 praefatione
576 3756 711 3816 testatur
735 3770 770 3817 se
791 3749 1047 3835 compilationem
1069 3744 1285 3816 Usuardinam
1308 3745 1421 3810 saltem

207 3875 265 3938 pro
297 3854 410 3921 maiori
440 3859 532 3940 parte
563 3853 746 3936 eligendam
769 3860 802 3921 51
823 3875 901 3940 prae
932 3853 1006 3920 aliis
1035 3851 1208 3920 tenendam
1240 3847 1383 3914 duxisse.
1399 3849 1422 3936 ¹)

209 3958 388 4051 0555115115
409 3956 561 4043 deinceps
588 3978 672 4024 anno
697 3960 780 4027 1564
807 3958 1009 4044 Maurclycus
1033 3957 1147 4023 Abbas
1171 3952 1424 4038 Μ55555555151)
1498 4020 1501 4026 ,

209 4060 351 4145 vulgavit
373 4061 644 4146 Martyrologium‚
669 4082 730 4144 quo
752 4061 919 4128 Usuardus
942 4061 1129 4146 deturpatus
1153 4077 1226 4124 esse
1248 4062 1386 4143 putatur.
1394 4055 1422 4140 ³)

210 4165 374 4230 Summam
396 4185 473 4231 vero
496 4165 624 4231 laudem
651 4171 823 4252 consecuta
845 4171 895 4231 est
916 4165 1076 4250 recensio,
1111 4164 1207 4248 quam
1232 4181 1316 4230 anno
1341 4161 1424 4226 1568

207 4269 294 4334 foras
318 4268 406 4334 dedit
431 4269 574 4336 Joannes
597 4269 743 4336 Molanus
766 4269 950 4352 Theologus
978 4267 1203 4354 Lovaniensis‚
1216 4267 1244 4354 4)
1277 4265 1311 4330 15
1333 4281 1425 4349 5555-

209 4373 310 4465 ceptis
344 4372 468 4440 critices
502 4380 646 4440 versatus
679 4380 711 4440 51
742 4374 923 4440 'Usuardum
959 4371 1002 4438 ad
1037 4393 1130 4440 sunm
1162 4389 1273 4439 verum
1306 4372 1424 4434 statum

199 4477 361 4544 'reducere
384 4484 526 4544 conatus.
561 4477 724 4544 Decennio
747 4476 876 4545 tandem
899 4482 973 4563 post
995 4475 1147 4544 emissum
1168 4472 1228 4540 fuit
1251 4472 1436 4560 „Martyro-.

208 4581 326 4664 logium
360 4581 498 4648 Sanctae
528 4582 694 4648 Romanae
725 4583 890 4650 Ecclesiae
921 4583 992 4649 usui
1013 4581 1047 4646 in
1070 4579 1215 4663 singulos
1246 4575 1323 4643 anni
1354 4575 1424 4641 dies

210 4684 494 4770 accommodatum,
527 4683 569 4748 ad
593 4685 836 4753 Sanctissimum
858 4689 985 4754 Patrem
1008 4685 1198 4766 Gregorium
1220 4680 1312 4746 XIII.
1334 4681 1424 4748 Pont

209 4789 247 4858 0.
271 4789 312 4856 Μ.
336 4790 429 4857 Petro
452 4789 617 4857 Galesinio
640 4791 858 4859 Protonotario
880 4777 1066 4878 Apbstolico
1095 4785 1260 4871 auctore‚“
1274 4783 1304 4871 ὕ)
1339 4782 1425 4869 quod
